2106 2979
96 649 119 666 10

95 1687 119 1705 flu

93 1945 117 1963 35

92 2200 117 2217 40

732 87 930 113 EPISTOLAE
951 87 1141 114 SELECTAE.
1180 89 1256 114 1265.
1758 93 1818 122 643

174 183 232 203 nee
257 183 319 202 non
345 176 376 202 et
405 173 558 211 aliorum,
595 183 692 214 super
722 173 838 213 quibus
872 173 1048 203 seeundum
1079 177 1224 204 tenorem
1255 175 1472 205 conditionum
1505 175 1646 216 ipsarum
1671 175 1817 207 Romano

173 224 314 266 pontifici
339 228 371 254 et
394 223 538 265 predicte
564 224 702 255 ecclesie
729 229 873 265 prestare
898 225 1052 255 tenemini
1078 225 1269 262 iuramenta,
1296 227 1483 268 receptione
1508 227 1648 268 homagii
1673 228 1817 269 predicto

173 286 298 306 summo
330 276 473 317 pontifici
509 276 707 316 generaliter
740 280 916 307 reservata.
967 276 1088 306 Omnes
1127 287 1252 318 quoque
1283 279 1511 309 concessiones
1543 280 1818 318 communitatum,

172 327 392 365 baroniarum,
427 327 596 358 feudorum
630 331 661 358 et
692 328 827 358 aliorum
861 338 1137 369 quorumcumque
1170 329 1323 360 bonorum
1355 334 1386 360 et
1414 331 1528 360 iurium
1563 331 1665 361 factas
1690 331 1720 361 in
1744 342 1817 372 pre-

172 379 257 409 dicto
289 389 388 419 regno
415 379 521 409 Sieilie
558 390 615 420 per
651 379 813 420 quondam
839 379 1041 410 Friderieum
1072 380 1146 410 olim
1172 379 1389 411 Romanorum
1423 382 1650 423 imperatorem
1676 386 1708 413 et
1733 382 1815 413 Con-

173 430 283 461 radum
310 435 341 461 et
366 431 569 461 Manfredum
595 435 688 460 natos
713 431 782 461 eius
810 429 888 472 [etp
913 431 1053 472 ipsorum
1081 432 1246 465 officiales,
1272 433 1445 464 familiares
1473 432 1553 475 [et]a
1576 434 1717 464 fautores
1746 439 1818 475 post

172 482 383 523 depositionis
409 483 604 512 sententiam
630 483 660 512 in
687 483 791 523 ipsum
817 482 1017 512 Friderieum
1048 494 1104 524 per
1136 483 1240 514 felicis
1266 485 1501 515 recordationis
1528 485 1690 515 dominum
1717 486 1816 516 Inno-

173 535 313 564 centium
331 544 446 575 papam
465 534 533 564 IIII
552 534 786 574 promulgatam
814 534 843 564 in
862 534 1071 574 Lugdunensi
1095 535 1229 565 concilio
1247 546 1447 568 revocamus.
1482 535 1691 567 Conditiones
1709 543 1817 568 autem

173 589 246 616 sunt
271 585 324 615 he:

276 635 330 679 [1.]
368 637 421 667 Si¹
447 637 476 667 in
502 641 608 667 vestro
635 641 666 667 et
690 637 845 668 heredum
872 641 1050 668 vestrorum
1076 638 1166 668 obitu
1191 639 1388 679 legitimum,
1412 643 1507 680 prout
1531 641 1691 681 sequitur,
1722 641 1817 671 here-

171 689 244 719 dem
271 699 326 719 vos
352 693 406 719 aut
431 689 530 730 ipsos.
564 689 647 730 quod
673 689 773 722 absit,
810 700 871 720 non
901 689 1022 720 habere
1049 690 1237 730 eontigerit,
1273 701 1408 731 reguum
1440 692 1542 732 ipsum
1573 691 1613 722 ad
1637 691 1817 722 Romanam

171 741 343 771 eeclesiam
375 741 509 781 eiusque
541 740 786 781 dispositionem
817 741 917 772 libere
952 745 1141 772 revertatur.
1187 741 1435 773 Descendentes
1470 746 1576 773 autem
1604 754 1645 773 ex
1670 743 1762 773 vobis
1788 745 1819 773 et

172 793 286 823 vestris
312 792 502 824 heredibus,
537 792 646 822 Sicilie
672 793 819 833 regibus,
852 804 956 824 mares
989 797 1021 823 et
1053 794 1171 824 femine
1205 795 1235 823 in
1268 794 1382 824 eodem
1416 805 1515 835 regno
1547 794 1739 831 succedent,
1774 795 1818 825 sic

171 848 279 875 tamen
304 844 386 885 quod
413 843 452 874 de
478 845 588 874 liberis
614 844 739 874 duobus
772 845 912 875 maribus
940 845 1053 875 eodem
1080 845 1181 885 gradu
1207 856 1265 886 per
1289 846 1426 876 eandem
1452 846 1570 876 lineam
1596 847 1817 877 concurrenti—

172 896 231 927 bus
256 897 507 937 primogenitus,
534 900 565 926 et
589 896 628 926 de
654 896 779 927 duabus
806 897 935 927 feminis
960 898 1194 938 primogenita„
1220 900 1252 927 et.
1276 897 1315 927 de
1342 898 1418 928 mari
1445 902 1476 928 et
1500 899 1621 928 femina
1646 899 1677 928 in
1703 898 1817 929 eodem

172 948 272 989 gradu
296 949 443 978 similiter
467 948 732 978 concurrentibus
759 949 921 979 masculus
946 949 1093 978 omnibus
1125 949 1197 979 aliis
1222 949 1414 990 preferatur.
1462 950 1495 979 Si
1521 960 1598 980 vero
1624 961 1696 985 VOS,
1733 950 1817 991 quod

172 1000 269 1037 absit,
303 1001 371 1030 sine
406 1000 515 1030 liberis
546 1011 586 1030 cx
611 1000 703 1030 vobis
738 1000 880 1040 legitime
906 1000 1180 1031 descendentibus
1206 1001 1284 1031 mori
1310 1001 1494 1042 eontigerit,
1530 1002 1633 1042 possit
1661 1002 1753 1032 vobis
1787 1003 1817 1032 in

172 1062 270 1093 regno
295 1056 328 1082 et
353 1056 438 1082 terra
463 1051 616 1092 predictis
642 1052 817 1082 succedere
843 1052 1011 1082 dumtaxat
1036 1052 1153 1082 nobilis
1179 1052 1226 1082 vir
1250 1053 1438 1094 Alphonsus
1471 1063 1580 1083 eomes
1605 1053 1818 1093 Pietavensis,

171 1114 343 1144 germanus
368 1107 484 1134 vester.
533 1102 573 1132 Et
610 1102 635 1132 si
666 1103 769 1133 dictus
794 1104 983 1144 Alphonsus
1010 1104 1099 1133 vobis
1133 1114 1194 1133 non
1227 1104 1464 1144 supervixerit,
1497 1105 1598 1146 possit
1623 1105 1712 1135 vobis
1746 1116 1818 1135 sue-

172 1156 286 1186 cedere
311 1166 393 1185 unus
419 1166 459 1185 ex
485 1155 556 1184 filiis
582 1154 700 1184 domini
726 1155 881 1185 Ludoviei
907 1156 1039 1185 illustris
1065 1156 1151 1195 regis
1176 1155 1394 1194 Francorum,
1426 1156 1579 1187 videlieet
1610 1157 1711 1186 maior
1742 1160 1816 1187 natu

171 1211 243 1249 post
272 1207 374 1243 illum,
411 1207 463 1248 qui
495 1206 639 1237 succedit
675 1207 705 1237 in
741 1218 840 1247 regno
868 1207 1074 1238 Francorum.
1124 1207 1163 1237 Et
1194 1208 1252 1238 hec
1285 1208 1389 1248 gratia
1416 1208 1465 1238 vel
1497 1209 1660 1238 successio
1686 1212 1749 1238 tam
1776 1219 1815 1239 ex

171 1262 262 1301 parte
288 1263 395 1289 vestra
426 1270 521 1300 quam
548 1270 587 1289 ex
615 1262 705 1299 parte
731 1259 858 1289 illorum
885 1260 946 1289 crit
971 1259 1194 1289 tantummodo
1221 1260 1419 1300 personalis,
1453 1260 1496 1290 ita
1520 1260 1646 1290 scilieet
1671 1260 1755 1300 quod
1780 1260 1818 1290 ad

171 1311 293 1341 nullum
329 1311 464 1341 filiorum
498 1311 547 1341 vel
580 1310 735 1341 horedum
770 1311 870 1351 ipsius
904 1311 1079 1352 Alphonsi.
1118 1311 1143 1341 si
1175 1311 1378 1352 Alphonsum
1414 1311 1516 1352 ipsum
1558 1312 1697 1352 premori
1730 1312 1819 1342 vobis

172 1363 351 1403 eontigerit.
377 1362 556 1393 huiusmodi
584 1363 746 1393 successio
773 1375 806 1392 sc
832 1363 1003 1393 extendet.
1030 1363 1086 1393 sed
1113 1361 1325 1403 huiuslmodi]
1342 1363 1353 1381 ¹¹
1379 1363 1481 1392 maior
1506 1367 1581 1393 natu
1609 1363 1762 1394 succedat
1789 1364 1818 1393 in

170 1425 269 1455 regno
287 1414 395 1444 Sicilie
421 1418 452 1443 et
477 1418 561 1444 terra.
586 1415 753 1455 predictis:
779 1415 927 1444 similiter
952 1418 983 1443 et
1008 1415 1117 1444 nullus
1143 1414 1280 1444 filiorum
1300 1415 1350 1444 vel
1376 1414 1532 1445 heredum
1560 1415 1660 1455 ipsius
1686 1416 1817 1445 maioris

171 1471 264 1501 natu,
300 1467 325 1496 si
354 1466 437 1496 idem
470 1467 569 1496 maior
598 1470 673 1496 nutu
704 1466 793 1496 vobis
825 1477 885 1495 non
919 1467 1154 1507 supervixerit.
1188 1466 1371 1496 huiusmodi
1403 1466 1642 1496 successionem
1676 1466 1818 1501 habebit,

170 1518 227 1549 sed
264 1528 398 1558 regnum
423 1518 533 1548 Sicilie
563 1522 594 1547 et
625 1522 711 1548 terra
741 1518 885 1558 predicta
916 1518 955 1548 :id
982 1518 1161 1548 Romanum
1194 1518 1368 1548 ecclesiam
1402 1518 1535 1558 eiusque
1570 1517 1817 1559 dispositionem

171 1570 270 1600 libere
295 1570 518 1600 devolventur.
566 1570 598 1599 Si
618 1581 693 1600 vero
711 1570 913 1610 Alphonsum
940 1574 971 1600 ct
997 1571 1148 1600 nmi‹‚r‹»111
1174 1572 1250 1600 natu
1277 1569 1438 1610 predictos
1464 1570 1603 1611 premori
1628 1569 1718 1599 vobis
1744 1580 1818 1599 con-

171 1622 290 1661 tigerit,
315 1622 421 1652 nullus
446 1623 527 1652 alius
546 1621 634 1651 vobis
661 1622 728 1651 sive
754 1622 865 1651 liberis
884 1633 925 1651 cx
944 1622 1034 1651 vobis
1054 1622 1195 1661 legitime
1214 1621 1487 1651 descendentibus
1512 1622 1543 1651 in
1569 1620 1692 1651 eisdem
1717 1631 1817 1661 regno

171 1677 201 1703 et
225 1677 312 1704 terra
337 1674 523 1705 sueeodct‘:
560 1673 615 1704 sed
646 1674 780 1704 liberum
815 1674 875 1704 erit
905 1673 1009 1704 eidem
1035 1673 1181 1703 Romane
1217 1673 1354 1703 ecclesie
1380 1672 1418 1703 dc
1452 1673 1527 1713 ipsis
1553 1682 1652 1713 regno
1678 1675 1709 1702 et
1734 1676 1819 1702 terra

171 1724 342 1766 disponere
369 1726 458 1755 iuxta
484 1737 540 1756 sue
566 1725 805 1766 beneplaoituin
832 1725 1014 1755 voluntatis.
1064 1726 1097 1755 Si
1122 1729 1230 1755 autem
1263 1724 1425 1765 predictos
1452 1724 1655 1764 Alpheus-um
1687 1727 1718 1753 et
1748 1734 1816 1754 ma-

171 1776 271 1806 iorem
297 1780 371 1807 natu
399 1782 470 1818 post
494 1778 734 1807 successionem
755 1777 934 1807 huiusmodi
960 1780 1014 1807 aut
1039 1787 1149 1806 corum
1176 1776 1313 1806 heredes
1339 1777 1406 1806 sine
1432 1776 1542 1806 liberis
1569 1787 1608 1805 ex
1635 1776 1711 1816 ipsis
1736 1776 1815 1815 legi-

171 1829 247 1858 time
279 1828 550 1859 deseendentibus
585 1830 663 1859 mori
698 1830 884 1869 emitigerit,
923 1839 1056 1869 regnum
1091 1828 1200 1858 Sicilie
1239 1832 1270 1857 et
1301 1831 1387 1857 terra
1418 1827 1565 1868 predieta
1595 1827 1744 1857 similiter
1777 1827 1816 1858 ad

171 1879 306 1910 eandem
333 1880 510 1911 Romanam
547 1881 715 1911 ecclesiam
747 1881 879 1921 eiusque
910 1881 1155 1922 dispositionem
1186 1880 1286 1909 libere
1320 1882 1533 1910 revertentur.
1587 1878 1673 1909 Sed2
1703 1879 1728 1908 si
1758 1878 1816 1908 ali-

170 1942 265 1972 quem
294 1931 333 1962 de
364 1933 434 1962 aliis
465 1933 709 1963 successoribus
739 1934 871 1964 vestris.
908 1943 1017 1970 regem
1045 1933 1093 1962 vel
1126 1932 1270 1972 reginam
1298 1931 1424 1966 Sicilie,
1461 1931 1530 1961 sine
1556 1931 1702 1971 legitima
1726 1931 1817 1971 prole

170 1983 219 2013 sui
244 1985 386 2025 eorporis
413 1985 491 2014 niori
519 1985 704 2025 eontigerit,
738 1985 769 2014 in
800 1985 940 2015 futurum
966 1983 1142 2014 succedent
1167 1983 1270 2013 eidem
1297 1983 1432 2013 servatis
1459 1982 1624 2023 gradibus,
1650 1983 1676 2012 si
1703 1992 1816 2023 super-

170 2035 263 2065 stites
288 2035 421 2069 fuerint,
447 2035 487 2066 he
512 2047 664 2077 persone:
703 2036 855 2066 videlicet
888 2036 972 2076 regis
999 2036 1047 2065 vel
1080 2036 1190 2075 regine
1217 2035 1286 2065 sine
1313 2035 1401 2075 prole
1427 2034 1571 2074 legitima
1597 2034 1644 2064 sui
1670 2034 1815 2075 corporis

169 2086 380 2117 decedentis*1
414 2088 513 2118 frater
549 2088 598 2118 vel
634 2099 722 2118 soror
760 2099 796 2118 :tc
833 2088 1037 2118 collaterales
1074 2088 1272 2128 superiores,
1310 2096 1414 2116 mares
1449 2089 1481 2116 et
1519 2086 1656 2121 femine,
1701 2088 1814 2126 utpote

170 2139 274 2179 patrui
299 2143 331 2170 et
355 2140 514 2174 avunculi,
540 2140 637 2170 amite
664 2143 696 2170 et
721 2143 904 2172 matertere,
931 2143 963 2170 et
985 2150 1111 2169 sursum
1129 2149 1230 2179 usque
1248 2137 1287 2168 ad
1305 2142 1454 2179 quartum
1474 2137 1609 2178 gradum
1634 2137 1812 2174 dumtaxat,

169 2190 232 2220 illis
262 2191 517 2224 collateralibus,
551 2202 630 2233 quos
657 2203 712 2222 vos
744 2192 905 2222 habebitis
937 2191 976 2221 ad
1008 2201 1143 2232 presens
1175 2190 1249 2220 dum
1274 2190 1418 2220 vixeritis
1453 2193 1484 2220 et
1515 2189 1568 2230 qui
1593 2192 1666 2229 post
1691 2189 1815 2219 obitum

169 2241 303 2272 forsitan
329 2253 370 2273 cx
395 2243 517 2273 eisdem
541 2244 691 2279 orientur,
719 2244 878 2284 exeeptis:
906 2243 1111 2272 mallum-ales
1137 2242 1233 2272 ctiam
1260 2241 1429 2271 inferiores
1455 2239 1632 2271 succedunt
1656 2240 1814 2275 similiter,

169 2304 274 2324 mares
300 2297 331 2324 et
355 2295 487 2325 femine.
523 2298 633 2335 utpote
665 2306 765 2336 nepos
791 2299 822 2325 et
851 2295 956 2336 neptis
988 2305 1028 2324 ex
1058 2294 1155 2324 fratrc
1182 2293 1231 2323 vel
1264 2302 1389 2326 sorore,
1423 2295 1455 2322 et
1488 2291 1621 2321 inferius
1647 2301 1749 2331 usque
1774 2291 1813 2320 ad

169 2345 306 2376 eundem
324 2346 544 2376 tantummodo
562 2349 709 2386 quartum
733 2346 878 2387 gradum.
926 2345 1017 2381 Quod
1044 2348 1151 2375 autem
1177 2344 1216 2374 de
1240 2343 1423 2374 feminabus
1450 2346 1536 2374 reete
1561 2343 1644 2373 linee
1664 2346 1695 2373 et
1713 2343 1812 2373 colla—

169 2398 316 2427 teralium
343 2399 491 2438 superius
516 2401 565 2428 est
590 2408 799 2439 expressum,
834 2397 1079 2438 intelligendum
1113 2400 1162 2427 est
1187 2401 1252 2426 tam
1277 2395 1316 2426 dc
1341 2395 1449 2436 nuptis
1475 2405 1569 2435 quam
1595 2394 1635 2424 de
1660 2394 1813 2435 innuptis,

170 2448 341 2479 dummodo
378 2453 475 2490 nuptc
505 2450 568 2479 sint
597 2449 746 2480 fidelibus
779 2454 809 2479 et
836 2449 978 2480 Itsnnane
1010 2449 1147 2479 ecclesie
1174 2448 1308 2478 devotis.
1356 2446 1397 2476 Et
1428 2447 1510 2476 sieut
1541 2446 1623 2476 inter
1653 2456 1708 2475 eas
1743 2455 1813 2487 per-

169 2511 262 2531 sonas
287 2500 406 2541 gradus
432 2501 553 2531 servari
580 2502 736 2537 volumus,
761 2505 795 2531 ut
821 2501 945 2531 scilieet
962 2501 1049 2542 prior
1068 2500 1186 2541 gradus
1212 2499 1382 2540 posteriori
1408 2497 1522 2539 gradui
1547 2497 1741 2538 proferetur,
1767 2498 1813 2526 sie

271 2652 293 2672 ἃ)
312 2652 336 2672 ct
355 2647 422 2671 :least
440 2647 477 2671 M.
565 2646 590 2679 ¹¹)
610 2648 686 2672 huius
706 2649 748 2676 ]l[,·
771 2649 803 2680 ef.
818 2656 897 2680 supra
913 2658 940 2679 1¹·
954 2650 1011 2677 519,
1036 2647 1080 2671 lin.
1095 2648 1133 2671 23.
1226 2647 1248 2675 c)
1269 2646 1382 2670 succedit
1401 2644 1435 2668 JI.
1527 2642 1551 2674 (ἰ)
1572 2643 1754 2667 descendentes
1776 2642 1813 2666 M.

272 2724 296 2751 ly
318 2723 355 2754 (L's'.
369 2731 450 2755 supru
470 2732 496 2748 η.
510 2726 563 2754 539,
583 2725 598 2754 ἕ
610 2728 632 2749 Ιὶ.
721 2726 747 2754 ⁶2)
769 2725 810 2756 Cf.
822 2732 848 2756 1).
862 2728 920 2756 595,
941 2724 1016 2749 urlic.
1031 2728 1053 2748 ι’.

1558 2770 1608 2795 81⁴*
