2106 2979
283 94 344 124 694
844 88 891 114 nx
910 87 1113 128 CLEMENTIS
1133 88 1171 114 iv
1185 87 1364 114 nnsisrno

285 178 380 209 certis
410 177 500 218 penis
530 176 725 218 pecuniariis
756 174 972 206 exhibuerant
1005 178 1037 205 et
1066 175 1223 209 fecerant,
1255 175 1384 216 penitus
1409 174 1586 211 violarunt,
1624 178 1655 205 et
1684 176 1835 216 gravibus
1865 177 1930 207 suis

285 229 474 260 excessibus
511 229 691 269 graviorem
723 226 959 258 accumulando
994 227 1150 257 malitiam
1187 226 1226 256 ad
1263 227 1396 257 seminis
1428 226 1595 267 dampnati
1631 227 1785 267 reliquias
1821 228 1930 258 oculos

284 281 477 321 dirigentes,
503 279 734 315 Conradinum,
760 282 910 319 nepotem
935 278 1095 319 quondam
1122 277 1172 308 Fr.
1194 278 1313 308 dudum
1337 278 1557 308 Romanorum
1582 278 1799 319 imperatoris,
1824 279 1929 310 missis

285 332 322 363 ad
351 342 422 362 eum
453 331 572 361 nuntiis
603 331 634 360 in
665 341 757 360 snum
791 329 967 371 presidium
993 332 1184 368 evocarunt,
1217 329 1367 370 quodque
1393 330 1594 360 carissimum
1619 330 1651 360 in
1677 329 1805 360 Christo
1831 331 1929 361 filium

285 387 427 414 nostrum
447 382 480 413 O.
501 382 608 413 Sicilie
633 393 742 422 regem
766 382 935 415 illustrem,
960 381 1157 411 destinatum
1176 392 1194 411 a
1212 381 1303 411 nobis
1328 381 1367 411 ad
1393 385 1502 422 partes
1521 380 1638 411 Tuscie
1663 385 1816 422 tanquam
1842 382 1931 423 pacis

285 435 412 475 publice
444 437 658 475 promotorem
673 434 692 467 ¹,
726 433 962 463 contumaciter
992 433 1164 463 noluerunt
1195 432 1381 463 admittere.
1418 433 1513 463 immo
1544 433 1649 463 eidem
1680 444 1714 463 se
1746 438 1869 464 temere
1894 444 1930 463 a(-

286 486 494 527 pertinaciter
529 488 729 526 opponentes
761 495 871 525 regem
903 485 1006 525 ipsum
1039 487 1070 514 et
1101 495 1159 514 nos
1188 485 1219 514 in
1252 484 1365 515 eodem
1402 495 1478 525 rege
1512 485 1733 526 multipliciter
1769 485 1932 516 offendere

286 541 550 579 presumpserunt
569 541 600 567 et
618 547 674 578 pro
692 547 787 578 posse
805 536 970 567 offendere
989 536 1204 566 conabantur:
1230 546 1298 572 nos,
1323 547 1363 566 ne
1388 540 1572 567 remaneret
1596 540 1687 567 tanta
1704 547 1813 567 corum
1832 540 1933 567 teme-

286 590 363 620 ritas
389 589 560 631 impunita,
590 589 693 629 ipsos,
727 599 807 629 quos
832 599 888 629 pro
914 598 967 622 eo„
998 588 1083 629 quod
1107 592 1142 618 ut
1172 589 1368 629 premittitur
1392 588 1552 618 mandatis
1576 589 1695 619 nostris
1719 599 1832 630 parere
1858 599 1933 619 con-

286 645 499 682 tempserant,
537 640 656 670 dudum
687 640 1033 670 excommunicationis
1063 640 1190 670 vinculo
1226 639 1376 670 duximus
1412 640 1613 670 innodandos
1644 641 1763 681 quique
1794 640 1933 671 favendo

287 692 468 722 Com-adino
502 692 646 733 predicto
675 692 706 722 in
737 692 931 722 sententiam
964 691 1061 721 latam
1096 692 1126 721 in
1159 692 1263 733 ipsum
1295 695 1326 721 et
1358 691 1501 721 fautores
1534 692 1635 733 ipsius
1665 692 1858 729 inciderant,
1894 692 1933 722 de

288 744 419 773 fratrum
451 747 632 774 nostrorum
666 744 801 774 consilio
838 744 1135 774 excommunicatos
1168 743 1413 778 denuntiantes5
1450 744 1537 784 ipsos
1568 754 1608 774 ex
1639 743 1792 785 predictis
1829 745 1933 774 causis

287 795 637 825 excommunicavimus
672 796 803 827 iterato.
835 805 989 836 personas
1020 805 1128 825 eorum
1161 795 1240 825 citra
1269 795 1379 825 mortis
1412 796 1479 825 sive
1512 795 1723 826 mutilationis
1753 795 1931 836 periculum

288 849 318 876 et
347 846 432 877 bona.
463 857 572 877 eorum
602 847 748 884 mobilia,
784 847 851 877 sive
879 847 910 877 in
936 847 1073 877 Francia
1104 847 1171 877 sive
1202 847 1233 876 in
1257 846 1377 887 Anglia
1406 847 1457 878 vel
1487 847 1563 877 alibi
1594 847 1776 888 ubicunque
1806 847 1934 884 fuerint,

288 902 487 939 exponentes
512 899 642 940 impune
667 909 703 929 ae
728 899 830 930 libere
856 899 895 929 ab
921 899 1069 929 omnibus
1095 899 1262 940 capienda.
1310 899 1534 939 Indulgentias
1559 910 1634 930 vero
1664 903 1695 929 et
1727 910 1936 940 quascunque

287 951 407 990 gratias
439 961 457 980 a
489 950 565 981 sede
601 951 781 991 apostolica
809 961 866 992 per
900 961 1108 992 quoscunque
1141 951 1304 981 senenses
1336 950 1486 981 obtentas
1515 961 1641 982 necnon
1674 955 1706 982 et
1735 951 1859 982 litteras
1890 952 1936 982 eis

289 1012 384 1043 super
411 1002 593 1032 debitorum
628 1003 874 1044 recuperatione
910 1013 1083 1033 concessas
1116 1003 1352 1035 revocavimus.
1391 1003 1453 1032 illis
1483 1003 1560 1033 solis
1591 1003 1767 1044 profuturis
1803 1003 1937 1040 eisdem,

289 1064 368 1094 quas
393 1054 475 1084 infra
499 1059 563 1084 tres
588 1064 716 1084 menses
742 1058 861 1085 extunc
886 1054 1070 1084 obtinerent
1095 1065 1152 1096 per
1177 1054 1262 1084 sedis
1287 1054 1464 1095 apostolice
1490 1055 1627 1095 gratiam
1655 1055 1810 1086 innovari.
1857 1055 1937 1086 Cum

289 1109 397 1136 autem
430 1106 516 1136 illam
548 1106 726 1136 devotionis
757 1106 1044 1147 promptitudinem
1076 1110 1108 1136 et
1139 1105 1212 1136 fidei
1250 1106 1429 1136 efficaciam
1465 1107 1549 1136 circa
1586 1106 1722 1138 eandem
1757 1107 1938 1138 Romanam

290 1157 460 1188 ecclesiam
486 1157 607 1188 habere
634 1157 833 1192 studueritis,
859 1168 930 1188 eam
956 1157 1158 1188 ostendendo
1183 1168 1242 1199 per
1266 1158 1419 1188 effectum
1444 1158 1552 1199 operis
1579 1159 1657 1189 locis
1682 1163 1714 1189 et
1739 1159 1938 1200 temporibus

290 1209 471 1250 oportunis.
508 1209 592 1250 quod
622 1220 679 1240 vos
710 1209 844 1240 devotos
880 1213 912 1240 et
944 1209 1058 1240 fideles
1097 1209 1242 1240 eiusdem
1279 1209 1417 1240 ecclesie
1452 1220 1512 1240 non
1548 1211 1708 1241 immerito
1739 1214 1938 1252 reputamus,

290 1262 405 1291 vestris
431 1261 720 1302 supplicationibus
745 1262 905 1297 inclinati,
942 1272 999 1291 vos
1033 1265 1064 1291 et
1094 1262 1238 1302 singulos
1263 1265 1406 1292 vestrum
1441 1265 1594 1302 tanquam
1627 1263 1765 1293 ecclesie
1795 1263 1938 1304 predicte

290 1312 422 1342 devotos
448 1313 488 1343 ab
514 1312 694 1343 huiusmodi
728 1313 899 1343 sententiis
931 1317 963 1343 et
994 1313 1201 1354 processibus
1232 1313 1271 1343 de
1303 1317 1392 1344 certa
1416 1314 1549 1344 scientia
1574 1314 1702 1354 penitus
1728 1314 1939 1345 excludentes

290 1373 327 1394 ac
351 1363 582 1395 denuntiantes
608 1375 662 1394 vos
689 1364 811 1395 eisdem
838 1366 1006 1395 sententiis
1036 1375 1099 1395 non
1132 1376 1204 1395 esse
1238 1365 1369 1405 ligatos,
1399 1365 1619 1400 decernimus,
1651 1366 1735 1406 quod
1760 1366 1940 1407 privilegia,

290 1415 490 1457 indulgentie
516 1427 552 1446 ac
577 1417 680 1456 gratie
703 1426 827 1447 necnon
853 1421 884 1447 et
909 1417 1015 1447 littere
1042 1427 1139 1458 super
1163 1416 1345 1447 debitorum
1370 1421 1552 1447 vestrorum
1578 1419 1825 1459 recuperatione
1850 1418 1940 1449 vobis

291 1468 330 1498 ab
356 1467 468 1498 eadem
494 1467 570 1498 sede
596 1478 750 1498 concesse
775 1487 815 1490 —
841 1469 1012 1499 sententiis
1038 1472 1070 1499 et
1094 1469 1302 1509 processibus
1328 1469 1520 1510 supradietis
1552 1480 1757 1511 nequaquam
1784 1471 1939 1501 obstanti—

291 1519 349 1549 bus
375 1538 411 1541 —
436 1520 466 1549 in
491 1520 590 1561 priori
615 1520 729 1550 robore
754 1531 791 1550 ac
816 1520 964 1551 firmitate
990 1520 1079 1551 vobis
1105 1521 1137 1550 in
1161 1521 1299 1551 ecclesie
1326 1520 1473 1551 Romane
1498 1522 1746 1562 persistentibus
1771 1521 1942 1552 devotione

291 1571 474 1612 perdurent.
521 1571 609 1601 Nulli
635 1582 711 1612 ergo
737 1591 773 1593 —
802 1576 911 1602 nostre
937 1572 1145 1606 exclusionis,
1171 1572 1426 1602 denuntiationis
1453 1576 1484 1604 et
1509 1574 1750 1604 constitutionis
1777 1578 1838 1605 etc.

396 1622 468 1653 Dat.
487 1623 637 1659 Viterbii,
663 1623 695 1653 Π
713 1623 790 1654 Idus
816 1623 996 1659 Februarii,
1021 1634 1104 1654 anno
1130 1623 1212 1654 1110.

1075 1825 1160 1859 67⁴2.

403 1876 557 1920 Clemens
580 1889 737 1928 IVpapa,
761 1899 828 1919 cani
848 1889 1049 1921 Conradimis
1072 1890 1207 1929 Papiam
1232 1902 1262 1921 si·
1286 1891 1486 1922 transtulerit
1504 1901 1610 1923 versus
1633 1892 1742 1924 Urbem
1766 1894 1794 1922 ct
1816 1903 1945 1932 remmon

296 1940 423 1970 Siciliae
441 1940 642 1978 profecimus
665 1943 693 1971 ef
715 1941 817 1980 ‹cliqiti
839 1942 875 1972 dc
902 1941 1086 1982 Campania,
1111 1942 1290 1979 Μανίΐιῗυια,
1315 1943 1455 1974 oum-chia
1472 1944 1684 1979 Aneouitamr,
1708 1944 1824 1974 (iuratio
1841 1944 1945 1983 Spole-

296 1993 381 2027 lom»,
412 1991 604 2030 patrimonio
635 1992 661 2024 b.
683 1992 771 2023 Peto-2·
803 1993 836 2023 *in
864 1993 977 2024 Tuscia
1007 1996 1034 2024 ct
1064 1994 1139 2024 (diis
1169 1995 1242 2025 locis
1272 2005 1339 2025 cum
1375 1995 1521 2026 Galeam)
1553 1996 1694 2031 Lancea,
1732 1996 1876 2026 Conrado
1910 1996 1945 2026 (Ic

296 2043 472 2080 Antiochia,
496 2043 637 2073 Iolzmmc
653 2044 689 2074 (le
704 2044 849 2075 Mam-io
865 2048 891 2075 cl
907 2045 982 2076 (eliis
1004 2046 1216 2085 proditoribus
1239 2047 1469 2078 coniurationes
1487 2048 1624 2083 inierint,
1648 2048 1818 2078 senientias
1841 2050 1947 2079 comm

294 2093 438 2134 fautores
466 2094 640 2125 Com-adim?
663 2096 745 2126 latres
768 2097 904 2127 innovat.
1580 2100 1672 2133 1268,
1698 2099 1790 2131 Febr.
1807 2101 1858 2131 28.

402 2153 477 2179 Clem.
492 2154 539 2179 IV
548 2154 607 2187 Rq).
630 2155 680 2180 Vol.
698 2155 722 2187 Ι,
749 2159 813 2187 24ss
832 2156 891 2182 Lib.
912 2157 927 2181 Ι
934 2156 960 2188 V,
984 2164 1041 2182 cnr.-
1055 2161 1074 2182 1.
1112 2157 1263 2190 Ecemplar,
1291 2157 1359 2190 qnod
1380 2158 1466 2189 Posse,
1485 2158 1500 2183 Ζ.
1514 2166 1534 2184 c.
1548 2157 1642 2191 edidit,
1669 2167 1727 2184 cum
1748 2159 1863 2191 Rcyestis
1887 2167 1946 2185 con-

298 2197 358 2221 tulit
379 2197 405 2222 V.
423 2197 460 2222 CI.
475 2197 595 2223 Maezaei.

402 2240 489 2272 Posse,
508 2241 524 2266 l.
538 2249 596 2274 exp.
611 2245 667 2274 155,
687 2250 714 2267 n.
729 2245 774 2271 ἕω
794 2242 896 2268 BFW.
911 2246 982 2269 9878.

784 2338 848 2373 Ad
882 2340 1075 2375 futuram
1110 2340 1170 2375 rei
1202 2340 1465 2376 memoriam.

407 2401 485 2432 Dira
509 2403 643 2434 vulnera
668 2404 752 2435 sevis
776 2405 924 2436 manibus
957 2409 1165 2447 tyrannorum
1191 2407 1329 2437 ecclesie
1354 2406 1500 2437 Romane
1526 2406 1656 2447 suisque
1682 2405 1802 2437 dudum
1826 2407 1947 2438 inflicta

303 2452 465 2487 fidelibus,
490 2455 629 2485 nondum
655 2456 798 2487 remedia
823 2457 916 2497 plene
942 2458 1209 2489 consolidationis
1234 2457 1368 2499 adepta.
1394 2459 1424 2488 in
1449 2457 1555 2488 medio
1581 2461 1763 2488 nostrorum
1788 2458 1948 2489 viscerum

303 2514 373 2533 cum
399 2504 518 2535 doloris
544 2506 721 2538 acerbitate
747 2509 919 2545 sentimus,
952 2520 1054 2550 eoque
1079 2510 1114 2540 fit
1138 2510 1229 2540 nobis
1255 2510 1381 2540 illorum
1406 2510 1496 2540 dolor
1520 2509 1681 2547 acerbior,
1707 2520 1767 2551 quo
1792 2511 1947 2551 pestilen-

302 2555 379 2584 tium
412 2556 576 2597 impietas,
609 2559 726 2598 quietis
756 2560 946 2601 impatiens„
983 2565 1131 2592 recentes
1163 2561 1274 2602 plagas
1306 2561 1471 2592 veteribus
1505 2561 1750 2602 superinfligere
1783 2566 1948 2602 satagens,

302 2606 486 2637 ferventiori
511 2613 625 2639 conatu
662 2610 831 2650 pacificum
862 2615 981 2643 statum
1016 2613 1115 2654 ipsius
1147 2613 1284 2643 ecclesie
1313 2613 1536 2654 dictorumque
1570 2612 1713 2643 fidelium
1738 2613 1851 2643 nititur
1874 2623 1947 2654 per-

409 2736 430 2759 ll
454 2735 490 2766 Cf.
506 2745 529 2761 n.
546 2740 599 2762 662.

1989 654 2012 672 10

1991 912 2013 930 15

1993 1427 2017 1445 25

1998 1908 2022 1925 30

1999 2165 2023 2183 35

2002 2474 2026 2491 40
