2106 2979
94 645 116 663 10

91 1160 116 1178 20

91 1416 115 1435 25

92 1679 116 1697 ³0

94 2202 119 2219 40

96 2565 119 2582 45

733 82 932 109 EPISTOLAE
954 83 1142 109 SELECTAE.
1180 84 1254 109 1268.
1751 86 1809 116 701

166 170 282 211 positio
307 169 502 202 contineret:
535 179 609 200 nam
635 171 667 199 et
692 172 912 210 proponentes
937 170 1020 200 forte
1045 170 1150 200 minus
1175 170 1330 201 audacter
1353 170 1511 211 pulpitum
1537 170 1812 205 conscendissent,

168 224 200 252 et
223 221 420 252 audientium
446 221 543 251 animi
569 231 632 251 non
657 224 747 251 tanta
771 221 994 262 suscepissent
1018 221 1216 252 iocunditate
1242 232 1435 252 sermonem.
1483 221 1542 252 Est
1567 226 1599 253 et
1623 222 1685 252 alia
1702 222 1811 253 turba-

169 273 265 303 tionis
294 283 408 310 causa,
441 272 560 303 doloris
594 272 705 303 similis
737 276 769 302 et
801 273 949 313 angustie
978 283 1040 303 non
1074 274 1221 305 minoris:
1254 284 1326 304 nam
1358 274 1504 314 quamvis
1538 273 1698 304 interdum
1730 274 1813 304 inter

169 324 341 355 ecclesiam
377 327 409 355 et
431 323 593 354 Romanos
630 334 669 354 ex
706 323 867 365 aliquibus
901 324 1029 355 casibus
1065 326 1237 366 contigerit
1274 325 1393 355 exoriri
1423 325 1617 355 discordiam
1650 329 1682 355 et
1715 325 1812 356 etiam

169 386 357 417 guerrarum
392 375 546 406 scandala
581 375 744 411 suscitari,
780 378 888 406 tamen
924 376 1032 406 extitit
1064 376 1260 411 inauditum,
1296 376 1379 417 quod
1418 376 1457 407 ad
1490 377 1661 417 capitalem
1701 387 1811 418 perse-

171 431 315 458 cutorem
341 427 478 458 ecclesie
503 426 600 457 Urbis
624 427 811 468 incorrupta
836 428 1018 458 constantia
1046 428 1239 463 declinaret,
1271 429 1462 469 quinimmo,
1493 429 1533 459 ad
1562 439 1673 470 pacem
1699 428 1814 458 devote

171 480 349 521 suspirans,
374 479 414 509 ad
439 479 549 508 matris
575 478 676 509 ubera
701 478 799 509 celeri
824 482 857 509 et
880 479 969 509 filiali
994 479 1098 510 reditu
1123 479 1327 520 properabat,
1352 484 1386 510 ut
1410 481 1442 510 in
1467 480 1556 511 brevi
1581 490 1736 510 conversa
1751 490 1813 510 non

170 531 336 562 videretur
359 530 399 561 ad
424 530 509 560 invia
535 530 715 560 divertisse.
758 530 853 560 Absit
878 531 973 563 enim,
1000 530 1082 571 quod
1108 531 1181 561 talis
1205 531 1270 561 filia
1295 535 1384 562 tanta
1408 536 1652 573 respergeretur
1674 532 1814 563 infamia,

169 586 219 617 ut,
245 583 307 613 etsi
331 592 392 612 non
417 585 491 612 actu
516 581 567 611 vel
591 582 772 623 proposito,
805 582 1048 622 presumptione
1076 583 1190 613 saltem
1215 587 1326 623 posset
1349 584 1453 613 notari
1479 583 1611 614 crimine
1636 583 1814 614 matricide.

272 633 339 664 Nos
375 633 486 674 igitur,
522 632 638 674 quibus
675 633 868 663 universalis
905 634 1042 664 ecclesie
1075 635 1218 674 regimen
1251 638 1300 665 est
1331 634 1471 665 Domino
1501 635 1693 676 disponente
1726 645 1811 665 com-

168 687 318 724 missum,
350 685 482 726 quique,
508 685 618 715 matris
642 688 808 725 gestantes
834 684 948 717 ubera,
982 686 1081 725 patris
1109 691 1257 716 tenemur
1282 696 1434 717 exercere
1460 686 1595 717 verbera
1624 687 1708 717 circa
1733 686 1814 716 filios

169 738 408 779 delinquentes.
440 740 475 767 ut
498 737 589 777 virga
618 740 753 777 paterne
787 737 997 767 correctionis
1023 736 1062 767 ab
1088 737 1176 767 invio
1202 737 1360 771 retrahat,
1393 748 1471 779 quos
1496 738 1606 768 nnmdi
1631 748 1714 769 vana
1738 748 1814 768 con-

168 789 246 820 ditio
272 798 510 829 nonnumquam
535 788 703 828 precipitio
737 787 843 818 studio
875 787 1076 829 deceptionis
1107 790 1253 829 exponit,
1286 789 1433 819 nolentes
1463 790 1682 820 confusionem
1715 790 1815 830 ipsius

170 841 306 872 ecclesie
337 839 584 870 conniventibus
615 839 716 869 oeulis
747 839 951 880 pert1·asi1'e“,
984 850 1024 869 nc
1054 850 1180 870 reorum
1211 841 1320 881 culpas
1350 845 1477 871 nostras
1507 842 1614 872 facere
1639 841 1814 873 videamur,

168 896 232 923 tam
262 892 401 923 nobilem
428 891 529 921 virum
555 891 730 921 Heni-icum
762 894 872 921 natum
902 891 988 921 clare
1018 892 1171 922 memorie
1197 891 1392 922 Ferdinandi
1422 893 1504 934 regis
1530 892 1687 930 Castelle,
1719 903 1812 923 sena-

168 948 270 975 torem
295 943 392 974 Urbis
406 943 425 979 ¹,
463 947 494 973 et
520 942 702 973 Guidonem
733 942 771 973 dc
798 942 1007 973 Montefilitro
1020 943 1040 978 2,
1075 944 1142 973 eius
1173 944 1202 973 in
1234 943 1322 974 Urbe
1354 945 1524 977 vicarium,
1562 955 1656 985 quam
1690 948 1814 975 ceteros

167 996 322 1026 officiales
353 1005 463 1026 eorum
500 998 531 1024 et
567 1005 693 1026 omnes,
729 995 782 1035 qui
813 995 983 1024 voluntarii
1019 994 1112 1024 dictis
1144 994 1289 1025 Galvauo
1321 999 1352 1025 et
1380 996 1450 1026 aliis
1483 996 1657 1026 Conradini
1693 996 1814 1026 nuntiis

168 1050 375 1078 occurrerunt
392 1047 443 1077 vel
461 1050 654 1087 receperunt
679 1045 828 1078 eosdem,
856 1047 1213 1082 excommunicationis,
1238 1057 1316 1088 quas
1342 1047 1372 1077 iu
1397 1047 1541 1078 fautores
1567 1047 1710 1078 ciusdem
1729 1047 1813 1077 Con-

167 1098 271 1129 radini
307 1102 338 1129 et
373 1109 427 1129 eos
462 1097 660 1139 specialiter,
698 1098 751 1139 qui
791 1099 924 1128 nuncios
956 1099 1056 1139 ipsius
1095 1098 1261 1129 litterasve
1302 1100 1500 1140 reciperent,
1540 1099 1815 1140 promulgavimus

168 1150 340 1185 hactenus,
371 1150 605 1181 denunciamus
636 1150 814 1180 sententias
846 1150 1035 1181 incurrisse:
1067 1154 1098 1180 ct
1129 1150 1356 1180 nichilominus
1387 1155 1450 1180 tam
1481 1151 1610 1181 eosdem
1641 1151 1725 1181 cives
1751 1150 1814 1180 Ro-

169 1213 282 1233 manos
311 1212 406 1243 quam
437 1201 598 1242 quoslibet
628 1202 709 1231 alios
735 1212 752 1232 a
777 1202 973 1239 iuramento,
1006 1202 1031 1232 si
1061 1203 1144 1242 quob
1170 1202 1272 1232 eidem
1299 1203 1440 1232 Henrieo
1464 1206 1631 1237 tenentur,
1665 1202 1815 1243 quamdiu

168 1254 253 1285 idem
277 1254 440 1284 Hem-icus
465 1254 495 1283 in
521 1253 704 1283 huiusmodi
729 1254 944 1294 perversitate
969 1254 1156 1294 perstiterit,
1183 1254 1377 1284 absolvimus
1403 1258 1435 1284 et
1459 1265 1589 1285 manere
1614 1254 1814 1284 decernimus

169 1306 344 1336 absolutos.

271 1357 441 1388 Menenius
474 1357 606 1398 insuper
640 1361 853 1388 memoratum
879 1357 1073 1391 chricum,
1106 1361 1140 1388 ut
1170 1358 1252 1388 infra
1277 1368 1420 1388 mensem
1452 1362 1525 1399 post
1548 1359 1672 1388 instans
1697 1358 1814 1388 festum

169 1409 415 1440 resurrectionis
447 1408 639 1439 Dominice³
673 1409 838 1439 humiliter
875 1409 914 1439 ad
950 1414 1058 1439 nostra
1088 1413 1120 1440 et
1155 1409 1299 1440 eiusdem
1331 1410 1468 1440 ecclesie
1506 1409 1657 1440 mandata
1693 1409 1815 1445 redeat,

167 1461 343 1502 domosque
369 1464 496 1491 nostras
522 1461 659 1491 ecclesie
688 1461 791 1491 sancti
815 1460 904 1491 Petri
929 1460 968 1491 de
994 1461 1082 1491 Urbe
1108 1465 1140 1491 et
1164 1462 1227 1491 alia
1251 1461 1336 1492 bona
1360 1466 1470 1491 nostra
1495 1465 1526 1491 et
1549 1462 1650 1502 ipsius
1677 1461 1815 1491 ecclesie

167 1512 325 1547 Romane,
357 1523 418 1554 que
443 1517 602 1553 occupata
633 1512 791 1546 detinet⁴,
823 1513 923 1543 libere
949 1523 984 1543 ac
1010 1513 1040 1542 in
1067 1523 1145 1553 pace
1171 1513 1331 1545 dimittat:
1367 1513 1406 1543 ab
1431 1513 1515 1543 omni
1540 1523 1666 1553 quoque
1692 1512 1817 1543 offensa

167 1564 357 1595 dilectorum
394 1564 531 1595 filiorum
563 1568 743 1594 nostrorum
772 1564 926 1594 [ohannis
956 1564 1067 1594 Sancti
1098 1564 1222 1594 Nicolai
1256 1565 1287 1594 iu
1318 1564 1457 1595 (Jarcere
1490 1564 1654 1597 Tulliano,
1694 1563 1816 1594 Mathei

169 1616 286 1647 Sancte
312 1616 412 1647 Marie
436 1617 468 1646 in
493 1616 625 1646 Porticu
659 1615 865 1646 diaconorum
901 1615 1110 1646 cardinalium
1141 1620 1172 1646 et
1202 1617 1347 1657 magistri
1372 1616 1501 1646 [ordani
1534 1615 1679 1646 eiusdem
1711 1615 1815 1645 cardi-

168 1668 250 1698 nalis
275 1667 431 1698 Iohannis
456 1667 577 1700 fratris,
615 1668 773 1708 capellani
799 1669 913 1701 nostri,
948 1668 1110 1698 cantoris⁰
1136 1667 1360 1700 Carnotensis,
1391 1669 1554 1698 abstinere
1579 1671 1745 1708 procuret,
1777 1666 1816 1696 de

169 1720 335 1761 premissis
361 1720 427 1749 suis
464 1719 656 1749 excessibus
683 1722 716 1749 et
740 1720 873 1749 offensis
904 1720 1037 1760 prefatis
1066 1719 1286 1750 cardinalibus
1317 1723 1348 1749 ct
1384 1719 1550 1760 capellano
1581 1719 1696 1749 illatis5
1722 1720 1815 1749 satis-

168 1772 311 1802 facturus
336 1771 480 1812 pleuarie
505 1782 542 1801 ac
566 1772 683 1801 nostris
715 1775 745 1801 ct
775 1771 919 1801 ciusdem
954 1771 1091 1801 ecclesie
1125 1771 1338 1812 beneplacitis
1364 1772 1541 1812 pariturus:
1583 1771 1725 1812 alioquin
1757 1781 1813 1801 ex-

168 1826 243 1853 tunc
273 1823 404 1864 gravius
440 1828 552 1853 contra
588 1823 691 1864 ipsum
728 1823 939 1864 spiritualiter
974 1826 1006 1853 et
1041 1823 1278 1864 temporaliter,
1314 1826 1408 1863 prout
1445 1822 1599 1864 expedire
1632 1821 1816 1856 viderimus,

169 1874 396 1916 procedemuS,
434 1875 680 1916 pronuntiantes
712 1874 834 1905 eisdem
865 1875 1005 1905 senatori
1036 1878 1067 1905 et
1098 1875 1222 1905 civibus
1251 1885 1308 1905 nos
1338 1875 1449 1904 tulisse
1480 1873 1598 1904 (ludum
1636 1873 1816 1904 sententias

168 1926 346 1960 interdicti,
372 1937 451 1967 quas
477 1930 509 1957 et
534 1926 628 1957 hodic
654 1926 806 1957 duximus
832 1926 1047 1963 innovandas,
1072 1927 1103 1956 in
1128 1936 1239 1956 omnes
1265 1926 1428 1961 civitates,
1462 1928 1564 1955 terras
1589 1928 1621 1955 et
1644 1925 1729 1961 loca,
1755 1934 1816 1965 que

170 1977 289 2008 dietum
320 1977 538 2008 Conradinum
573 1981 628 2008 aut
659 1979 727 2008 cius
766 1978 952 2008 masnadam
985 1978 1176 2019 recipientss:
1213 1978 1329 2018 quibus
1364 1977 1448 2007 Urbs
1480 1977 1622 2018 prefata,
1656 1977 1696 2013 si⁷
1734 1975 1815 2017 quod

171 2029 265 2060 absit.
290 2030 478 2060 alterutrum
505 2030 630 2065 fecerit,
656 2030 846 2060 subiacebit.
893 2030 936 2060 Et
960 2031 996 2064 si,
1021 2029 1104 2070 quod
1128 2029 1218 2060 Deus
1244 2033 1378 2062 avertat,
1403 2030 1433 2059 in
1452 2029 1523 2059 illas
1547 2027 1703 2060 inciderit,
1728 2031 1819 2067 coget

170 2091 229 2111 nos
265 2092 422 2111 excessus
456 2082 606 2112 insolitus
643 2082 806 2111 insolitam
849 2092 963 2122 penam
1006 2082 1124 2122 exequi
1164 2092 1200 2111 ac
1242 2081 1446 2111 interdictum
1488 2079 1670 2110 huiusmodi
1709 2079 1816 2109 faeere

171 2133 306 2163 firmiter
329 2133 505 2164 observari.

273 2184 433 2220 Quocirca
456 2185 614 2215 universis
641 2185 787 2225 collegiis
813 2185 936 2225 totique
962 2185 1048 2215 clero
1075 2185 1358 2218 monasteriorum,
1385 2184 1592 2214 ecclesiarum
1623 2186 1655 2213 et
1683 2183 1816 2212 aliorum

170 2236 312 2267 locorum
338 2236 635 2267 ecclesiasticorum
660 2236 759 2267 Urbis
785 2236 1025 2268 Cisterciensis,
1051 2236 1304 2271 Predicatorum,
1330 2234 1490 2265 Minorum
1516 2238 1547 2264 et
1572 2234 1706 2264 aliorum
1731 2233 1816 2264 ordi>

171 2298 244 2318 num
270 2288 464 2318 auctoritate
491 2288 667 2328 apostolica
697 2289 726 2318 iu
754 2288 870 2318 virtute
896 2287 1081 2318 obedientie
1107 2287 1253 2317 districte
1279 2287 1484 2327 precipimus.
1510 2286 1659 2326 quatinus
1685 2286 1708 2315 si
1732 2284 1816 2315 Urbs

273 2436 296 2463 ἢ)
316 2436 350 2459 im
364 2435 394 2459 If.
485 2435 509 2460 1’)
529 2436 595 2466 qnod
614 2435 642 2459 Ιί.
732 2440 753 2460 ⁰)
774 2436 917 2459 cancellarii
937 2435 962 2458 1⁶11
983 2444 1020 2466 cy».
1035 2444 1058 2458 n.
1072 2436 1135 2459 1534:
1148 2434 1222 2466 scdso
1242 2435 1273 2465 qs.
1287 2442 1311 2465 7›.
1326 2436 1379 2459 6131,
1398 2433 1441 2457 lin.
1459 2436 1491 2457 19.

276 2513 298 2542 1)
318 2512 351 2537 A.
365 2515 434 2539 1207.
455 2511 509 2536 Iul.
524 2515 556 2536 26
571 2519 647 2543 papa
668 2519 725 2536 eum.
745 2514 892 2536 senatorem,
907 2511 996 2543 primo
1010 2510 1163 2543 amtellaril:
1184 2509 1408 2535 P0t†11‹1st2‹>r·›91.-
1427 2510 1458 2540 (γ’,
1475 2507 1654 2541 :201373sfalso
1667 2508 1714 2533 suh
1728 2508 1778 2533 Iul,
1791 2513 1818 2537 υ,-

171 2555 239 2588 Zeyas
267 2554 329 2580 Iun.
350 2558 376 2585 7;
404 2554 481 2579 Posse
503 2563 529 2579 ν.
547 2557 596 2579 ,379
621 2556 644 2579 et
668 2553 770 2579 BFW.
790 2554 869 2587 9789]
895 2557 916 2578 cl
944 2554 997 2579 Dc]
1027 2553 1152 2585 Gizrrlice,
1183 2552 1244 2577 Don
1271 2552 1370 2585 Arriyo
1397 2553 1501 2583 iufrmte
1529 2551 1556 2576 cli
1581 2550 1704 2583 Castiqli«
1730 2558 1756 2583 12·
1780 2555 1817 2575 29.

171 2598 198 2629 2)
218 2597 393 2629 Montefcltre.
490 2597 517 2629 3)
538 2597 596 2622 Seu.
613 2597 687 2628 infra
710 2596 778 2623 Mai.
793 2600 816 2623 8,
916 2598 941 2623 4)
963 2596 1004 2628 Cf.
1018 2596 1140 2622 Potmast
1165 2598 1245 2621 Βοὴ-4
1264 2598 1286 2620 et
1307 2598 1398 2620 20200,
1495 2595 1520 2622 5)
1543 2595 1584 2625 Cf.
1604 2593 1673 2619 Saba
1701 2593 1818 2625 Mavlasp.

173 2640 230 2666 Lib.
246 2641 302 2672 III,
323 2645 370 2671 zm,-
397 2640 542 2668 Muratori,
564 2639 639 2665 5391.
660 2639 737 2672 VIII,
754 2649 781 2672 1¹-
796 2643 860 2667 834,-
886 2640 1008 2665 Potrhast
1027 2643 1104 2665 :2010'5
1123 2641 1145 2664 et
1164 2642 1248 2664 20171.
1341 2640 1367 2662 εὶ)
1388 2639 1504 2669 A.1267,
1532 2637 1593 2662 Dae,
1608 2642 1619 2662 1
1639 2636 1776 2662 Ηωινίσιιε
1796 2639 1817 2660 cl

174 2683 294 2710 Romam?
317 2692 376 2709 cumv
397 2683 534 2709 Gibellmis
557 2683 580 2708 T
580 2683 666 2708 asciae
689 2682 781 2715 foedus
805 2684 940 2715 fecermzt;
965 2682 1068 2714 Fici-er,
1095 2681 1201 2707 Forsch.
1220 2690 1237 2706 J.
1253 2681 1358 2706 Reichs-
1380 2690 1403 2705 n.
1420 2680 1592 2712 Rechlsglcsclt.
1608 2680 1716 2704 [adiens
1736 2682 1751 2703 t,
1768 2679 1817 2705 11',

172 2730 267 2760 21456,
286 2736 312 2752 n.
328 2731 475 2753 450-452:
495 2727 527 2757 cf,
544 2726 593 2752 Del
616 2726 731 2757 Giudicc,
754 2725 814 2752 (iul.
828 2725 892 2759 dipl.
909 2729 926 2751 t.
942 2726 979 2757 H,
997 2734 1023 2758 p.
1041 2730 1080 2757 5⁴43,
1103 2735 1126 2750 tl.
1145 2728 1181 2750 18⁸.
