2106 2979
60 656 84 674 10

60 912 82 930 15

57 1170 82 1188 20

57 1690 82 1707 31)

58 1948 81 1966 35

58 2206 82 2224 40

57 2530 81 2548 45

699 87 897 113 EPIS'roLAE
918 87 1106 113 SELEQTAE.
1146 88 1218 113 1263.
1723 89 1782 119 521

137 186 202 206 una
232 178 265 205 et
294 175 432 206 eundem
464 175 743 216 archiepiscopum
774 175 944 205 occasione
978 173 1162 204 huiusmodi
1192 185 1233 204 ex
1262 175 1363 205 altera
1395 174 1609 206 dissensionis
1639 175 1786 211 materia,

137 226 301 268 predictus
332 227 596 268 archiepiscopus
632 230 762 268 propter
794 227 853 256 hoc
891 226 1044 256 sustinuit
1078 225 1217 265 grandes
1249 226 1377 257 labores
1415 230 1447 257 et
1481 227 1615 257 incurrit
1646 227 1786 268 dampna

141 279 253 320 gravia
277 281 310 309 et
334 289 508 320 expensas
547 279 757 309 Postmodum
776 282 883 309 autem
906 277 1125 308 mediantibus
1150 277 1244 307 bonis
1263 278 1340 308 viris
1366 289 1463 319 super
1487 278 1547 309 hiis
1573 279 1654 309 inter
1678 282 1785 320 partes

141 331 323 362 amicabilis
342 331 530 372 compositio
554 331 739 367 intervenit,
764 341 821 372 per
843 340 936 371 quam
959 329 1090 365 iudices,
1117 329 1237 359 scabini
1256 332 1288 360 et
1311 329 1364 360 alii
1385 330 1521 371 predicti
1539 331 1578 361 ad
1597 330 1785 361 solvendum

139 382 243 414 eidem
275 382 519 423 archiepiscopo
551 393 654 424 usque
686 382 725 413 ad
751 382 862 412 decem
891 392 991 412 annos
1022 380 1228 411 medietatem
1259 381 1480 420 denariorum,
1516 382 1568 423 qui
1598 383 1784 413 cervisiales

138 435 317 476 vulgariter
341 434 556 476 appellantur,
583 445 615 464 se
640 435 723 464 inter
746 435 809 464 alia
833 434 1027 474 obligarunt,
1053 443 1151 474 super
1175 433 1233 463 hoc
1259 433 1416 474 appositis
1442 434 1536 464 certis
1561 435 1664 475 penis,
1689 439 1785 476 prout

139 487 170 517 in
212 486 433 517 instrumentis
464 486 602 528 publicis
643 486 716 516 inde
756 485 912 516 confectis
950 485 1076 526 plenius
1116 484 1232 515 dicitur
1267 485 1454 516 contincri¹.
1513 485 1670 517 Processu
1709 497 1784 517 vero

137 538 290 579 temporis
323 537 436 568 eedem
472 541 595 578 partes,
631 548 740 568 earum
770 537 909 567 utilitate
940 540 1089 578 pensata,
1119 537 1203 567 iuter
1235 547 1269 567 sc
1294 536 1498 573 ordinarunt,
1532 537 1615 578 quod
1651 538 1784 575 iudices,

138 590 260 620 scabini
285 593 317 620 ct
344 590 397 620 alii
431 589 565 631 predicti
591 590 660 619 loco
686 589 868 620 huiusmodi
887 588 1089 619 denariorum
1116 588 1280 618 solverent
1304 588 1450 629 predicto
1468 589 1712 631 arcliiepiscswo
1729 601 1786 631 per

138 641 270 672 cosdem
307 641 419 672 decem
460 651 562 671 annos
603 641 749 681 qualibet
785 640 835 670 die
861 639 1032 670 Dominica
1067 639 1180 670 decem
1221 642 1253 670 et
1288 643 1360 670 octo
1395 651 1520 670 marcas
1560 640 1784 675 Colonienses,

138 693 306 724 duodecim
332 693 442 723 solidis
468 703 524 734 pro
549 703 657 723 marca
682 692 828 733 qualibet
853 691 1085 732 computandis,
1113 702 1145 721 se
1171 691 1210 721 ad
1236 691 1425 722 solvendum
1450 692 1633 723 huiusmodi
1659 704 1783 724 marcas

136 744 240 775 eidem
259 744 503 786 archiepiscopo
521 744 571 775 vel
589 744 646 779 eis,
664 743 780 785 quibus
799 744 886 785 ipsas
904 743 984 774 solvi
1005 744 1053 773 vel
1071 743 1139 773 (lari
1158 742 1336 781 mandaret,
1354 743 1413 774 sub
1433 744 1523 785 penis
1542 748 1573 774 et
1590 744 1782 775 condicioni-

137 797 196 827 bus
234 796 391 838 appositis
425 797 457 827 in
491 796 588 837 priori
624 795 822 836 obligatione
854 795 1080 825 nichilominus
1111 795 1317 835 obligan<lo².
1366 795 1452 825 Sane
1483 795 1646 836 predictus
1679 797 1782 827 archi-

137 848 310 890 episcopus
335 848 498 879 decubans
528 849 558 878 in
590 849 729 879 lectum³
754 847 962 888 egritudinis,
988 858 1028 877 ex
1053 857 1115 887 qua
1140 847 1234 881 obiit,
1261 848 1291 877 in
1316 847 1428 878 ultima
1452 847 1616 878 voluntate
1642 848 1785 879 condidit

136 902 383 937 testamentum,
418 901 508 931 cuius
542 902 736 931 executores
768 900 983 941 prepositum,
1017 899 1268 933 thesaurarium,
1309 899 1480 929 canonicos
1514 903 1546 929 ct
1580 900 1783 940 capellanum

135 951 298 994 predictos
334 952 500 983 constituit
531 952 561 982 in
594 951 758 992 presentia
783 975 789 981 .
815 975 820 980 .
846 951 1032 992 prepositi³,
1070 975 1076 981 .
1101 976 1106 980 .
1132 950 1247 981 decani
1287 954 1318 981 ct
1362 951 1495 992 capituli
1529 951 1783 987 Coloniensium,

136 1003 292 1035 mandans
323 1004 407 1034 inter
436 1007 559 1039 cetera,
593 1002 677 1044 quod
709 1002 845 1033 iudices.
878 1002 1000 1032 scabini
1033 1005 1064 1031 et
1093 1002 1145 1032 alii
1176 1002 1293 1043 prefati
1327 1002 1509 1032 huiusmodi
1540 1013 1663 1033 mareas
1694 1003 1784 1033 iuxta

135 1057 280 1085 tenorem
297 1054 505 1085 ordinationis
519 1055 664 1086 eiusdem
683 1054 912 1084 executoribus
932 1054 1095 1084 solverent
1109 1054 1313 1095 supradictis.
1334 1053 1483 1095 quodque
1498 1054 1574 1084 dicti
1593 1058 1783 1085 executores

135 1107 222 1148 prius
241 1107 404 1137 solverent
422 1107 476 1137 illa
493 1107 611 1143 debita,
637 1107 666 1136 in
693 1107 810 1147 quibus
835 1106 1018 1147 prepositus
1039 1106 1148 1135 Sancti
1173 1105 1343 1141 Gereonis,
1370 1106 1563 1136 Lambcrtus
1587 1110 1619 1136 et
1643 1107 1781 1147 capella-

135 1169 193 1188 nus
219 1157 353 1199 predicti
379 1162 487 1189 essent
507 1170 563 1200 pro
588 1158 699 1188 eodem
723 1158 966 1199 archiepiscopo
990 1157 1141 1195 obligati,
1169 1157 1331 1188 residuum
1356 1168 1431 1187 vero
1457 1157 1663 1198 expedirent,
1691 1162 1784 1200 prout

135 1211 164 1241 in
191 1213 383 1241 testamento
408 1210 589 1241 huiusmodi
615 1211 807 1241 continetur.
848 1210 971 1240 Eodem
998 1210 1105 1250 itaque
1131 1210 1372 1251 archiepiscopo
1395 1209 1477 1239 viam
1502 1210 1652 1240 universe
1679 1211 1782 1240 carnis

134 1262 290 1303 ingresso,
314 1262 444 1297 iudices,
463 1262 596 1297 scabini,
621 1263 775 1301 nme-istri,
794 1262 966 1292 consiliarii
985 1266 1016 1292 et
1035 1263 1121 1292 cives
1137 1261 1272 1303 predicti
1289 1261 1420 1302 prefatis
1436 1261 1665 1292 executoribus
1680 1262 1783 1293 dictas

135 1324 268 1352 marcas,
293 1324 372 1355 quas
391 1315 436 1344 eis
457 1325 514 1354 per
531 1314 610 1344 (luas
633 1314 853 1355 septimanas⁴
872 1313 1064 1348 solverantb,
1084 1313 1244 1343 indebitc⁴'
1263 1313 1388 1343 solvere
1407 1313 1648 1346 csmtiadicunt:
1674 1314 1782 1355 sicque

134 1365 211 1396 dicti
236 1370 427 1396 executores
453 1365 635 1396 huiusmodi
659 1366 770 1396 ‹lc-bitu,
792 1376 855 1395 non
880 1369 1013 1407 possunt
1032 1366 1158 1395 solvere
1184 1376 1241 1395 nec
1267 1369 1445 1395 extremam
1466 1366 1663 1396 voluntatem
1682 1367 1783 1408 ipsius

135 1417 300 1447 testatoris
323 1417 506 1447 executioni
532 1417 640 1448 debite
665 1417 873 1448 demandare.
923 1417 1021 1447 Porro
1047 1417 1130 1447 idem
1157 1417 1355 1457 capellanus,
1383 1420 1458 1447 tunc
1477 1421 1666 1458 procurator
1684 1418 1783 1459 ipsius

135 1469 371 1510 archiepiscopi
398 1472 429 1500 et
453 1468 538 1510 apud
564 1468 673 1499 sedem
699 1469 910 1510 apostolicam
937 1469 1145 1503 constitutus,
1171 1469 1301 1499 nomine
1327 1468 1463 1510 predicti
1489 1469 1739 1511 archiepiscopi,
1764 1482 1783 1500 a,

134 1531 195 1561 quo
232 1520 373 1551 habebat
402 1520 441 1551 ad
476 1521 535 1551 hoe
573 1521 714 1562 speciale
752 1520 952 1556 mandatum,
996 1532 1014 1550 a
1047 1519 1173 1550 dilectis
1204 1520 1275 1550 filiis
1310 1520 1541 1551 Bonavcntura
1580 1521 1782 1557 Bernardini,

134 1572 362 1603 Bartholomeo
390 1572 487 1603 Guidi
519 1576 549 1603 et
574 1583 685 1604 eorum
711 1573 818 1608 sociis,
844 1572 966 1603 civibus
992 1576 1023 1602 et
1053 1572 1286 1603 mercatoribus
1313 1572 1528 1608 senensibus,
1563 1576 1672 1604 mutuo
1698 1574 1784 1604 mille

134 1625 329 1665 quingentas
360 1635 484 1655 marcas
515 1625 740 1663 sterlingorum
771 1625 907 1665 recepit,
942 1635 998 1665 pro
1029 1625 1144 1666 quibus
1175 1624 1313 1655 eundem
1344 1625 1623 1666 archiepiscopum
1649 1636 1685 1655 ac
1712 1636 1782 1666 pre-

134 1676 251 1707 dictam
272 1676 500 1707 Colonicnsem
528 1677 700 1708 ecclesiam
723 1680 753 1707 ct
777 1688 885 1707 eornm
910 1676 994 1707 bona
1018 1676 1172 1718 predictis
1191 1676 1424 1707 mercatoribus
1443 1677 1615 1717 obligavit:
1641 1676 1783 1718 dictique

136 1731 342 1762 mercatores,
369 1732 536 1770 postquam
564 1729 645 1759 form
664 1729 709 1758 cis
728 1729 766 1759 de
787 1728 967 1758 huiusmodi
993 1729 1129 1769 pecunia
1156 1729 1373 1767 satisfactum,
1399 1739 1525 1759 camere
1550 1729 1653 1759 felicis
1678 1740 1783 1759 recor-

135 1779 272 1810 dationis
298 1781 477 1811 Alexandri
504 1792 586 1822 pape
612 1781 855 1822 predecessoris
882 1780 982 1811 nostri
1009 1780 1095 1811 mille
1129 1791 1253 1810 marcas
1286 1780 1516 1821 sterlingorum
1550 1781 1676 1811 solvere
1710 1791 1782 1821 pro*

135 1831 301 1863 miserunt.
350 1832 472 1863 Verum
515 1833 590 1874 quia
629 1832 774 1873 predicte
814 1843 942 1863 camere
978 1843 1014 1862 ac
1053 1832 1206 1873 predictis
1247 1832 1480 1863 mercatoribus
1520 1832 1559 1862 dc
1599 1832 1782 1862 huiusmodi

135 1885 270 1925 pecunie
300 1885 432 1915 summis
466 1884 641 1915 satisfactio
675 1885 782 1925 aliqua
806 1895 867 1914 non
892 1884 1052 1925 provenit,
1085 1895 1121 1914 ac
1156 1884 1288 1925 dignum
1319 1884 1440 1914 existat
1468 1887 1500 1914 et
1530 1888 1782 1915 consentaneum

135 1936 261 1972 rationi,
286 1940 320 1966 ut
345 1946 471 1967 camere
496 1940 603 1967 nostre
627 1947 664 1967 ac
694 1936 926 1967 mercatoribus
951 1936 1104 1978 predictis
1130 1935 1169 1967 de
1194 1936 1279 1966 dieta¹
1303 1937 1451 1977 pecunia,
1477 1937 1507 1966 in
1532 1947 1594 1977 qua
1618 1936 1783 1977 predictus

136 1988 325 2029 capellanus
351 1991 513 2029 tamquam
538 1991 729 2030 procurator
755 1999 830 2018 suns
848 1989 877 2018 in
896 1988 956 2018 hoc
981 1987 1118 2018 cundem
1142 1988 1297 2029 obligavit
1319 1988 1611 2029 archiepiscopum,
1636 1988 1785 2025 satisfiat,

134 2040 174 2070 ad
199 2040 288 2070 cuius
313 2040 410 2070 etiam
439 2040 632 2071 solutionem
663 2043 710 2070 est
741 2039 884 2081 predicta
909 2040 1047 2070 ecclesia
1073 2040 1233 2080 obligata,
1267 2040 1462 2070 fraternitati
1493 2043 1546 2070 tue
1571 2051 1628 2081 per
1652 2044 1781 2081 aposto-

134 2092 195 2122 liea
224 2092 345 2133 scripta
376 2091 581 2129 mandamus,
614 2093 764 2133 quatinus
791 2091 952 2133 predictas
978 2091 1090 2122 decem
1117 2095 1148 2122 et
1172 2095 1243 2121 octo
1271 2102 1394 2121 mareas
1420 2090 1629 2122 Colonienses
1654 2092 1694 2122 ab
1720 2092 1781 2122 cis-

133 2143 205 2173 dem
234 2143 408 2176 iudicibus,
444 2143 598 2181 scabinis,
637 2144 815 2184 magistris.
861 2143 1052 2174 consiliariis
1084 2149 1115 2173 et
1145 2143 1267 2173 civibus
1298 2154 1354 2184 pro
1391 2146 1535 2184 tempore
1566 2144 1720 2185 preterito
1751 2147 1783 2174 et

135 2195 289 2236 deinceps
314 2195 460 2236 qualibet
489 2195 539 2226 die
565 2195 734 2225 Dominica
760 2206 863 2236 usque
889 2195 928 2225 ad
953 2195 1124 2225 terminum
1156 2195 1185 2225 in
1217 2195 1362 2236 predicta
1393 2194 1593 2225 ordinatione
1625 2198 1781 2225 statutum

135 2246 193 2277 tibi
219 2247 340 2277 faciens
367 2247 522 2277 exhibere
549 2257 669 2288 easque
698 2258 756 2288 per
781 2251 811 2278 te
837 2247 885 2277 vel
912 2258 968 2289 per
992 2247 1089 2277 alium
1115 2250 1169 2277 aut
1194 2247 1275 2277 alios
1300 2246 1438 2277 fideliter
1463 2247 1627 2287 colligens,
1653 2258 1694 2277 cx
1719 2247 1781 2277 illis

135 2301 209 2329 ante
242 2298 350 2329 onmia
374 2297 504 2329 Andree
535 2299 662 2333 Iacobi,
698 2299 893 2339 Bousignori
920 2299 1073 2339 Raynerii
1108 2302 1140 2329 et
1171 2298 1348 2328 Tholomeo
1379 2297 1558 2333 Manentis,
1596 2298 1719 2329 civibus
1750 2302 1783 2329 et

135 2349 368 2380 mercatoribus
401 2350 617 2387 Senensibus,
650 2351 700 2381 vel
737 2361 846 2381 eorum
881 2351 994 2381 alicui.
1029 2351 1122 2380 sociis
1154 2350 1399 2382 Bonaventure,
1432 2349 1653 2380 Bartholomei
1686 2350 1782 2381 Guidi

236 2479 258 2507 η)
279 2480 313 2503 ila
332 2483 345 2503 1
364 2484 385 2504 ct
405 2482 426 2503 2.
497 2479 521 2505 ¹²)
541 2480 670 2504 solverant
689 2489 731 2511 (ψ.
747 2483 759 2504 1
778 2480 803 2504 [n
822 2489 903 2512 mro-gs.
920 2481 1001 2504 minus
1016 2480 1150 2512 perspicae
1170 2479 1224 2503 alia
1244 2480 1370 2507 [factm-<e
1389 2480 1555 2511 ⁴2persl1icnc.
1628 2479 1650 2511 0)
1672 2481 1782 2505 indebite

133 2531 173 2554 [1]),
187 2526 200 2546 1
213 2522 238 2546 [IL
257 2532 338 2554 ''lla'W'Jst
348 2523 436 2554 ΙΙΓῘΙΙΙΗι
454 2531 541 2546 ἸΙῑΙιΙΙΗ.

240 2600 263 2630 1)
283 2599 316 2624 Α.
332 2603 403 2630 1258,
428 2599 509 2625 Mart.
525 2604 568 2630 18,·
588 2599 689 2624 Ennea
707 2607 733 2624 u.
748 2598 865 2631 Eclccrt:5
891 2599 907 2625 l.
923 2608 942 2624 c.
956 2603 973 2625 t.
988 2600 1027 2631 ΙΙ,
1042 2608 1069 2632 1).
1084 2603 1142 2631 400,
1160 2608 1185 2624 v.
1200 2602 1265 2628 3812*
1288 2599 1322 2630 cf.
1338 2599 1396 2624 ibid.
1410 2608 1436 2625 nr.
1451 2602 1517 2631 3252,-
1539 2599 1570 2630 cf.
1585 2599 1674 2632 Heyel,
1702 2600 1781 2631 Ver-f.-

137 2642 229 2667 Gcsch.
249 2650 270 2668 r.
287 2642 352 2667 Cela
367 2651 395 2675 p.
415 2647 454 2668 43.
544 2644 570 2676 2)
595 2642 627 2668 Ut
649 2641 749 2667 ridetur
767 2651 791 2667 a.
806 2645 882 2673 1261,
911 2642 999 2676 Sept,-
1024 2644 1056 2674 cs'.
1071 2645 1122 2668 not.
1140 2647 1163 2668 4.
1199 2641 1250 2667 Sed
1268 2642 1317 2667 hac
1336 2647 1365 2668 J&
1390 2650 1493 2667 πιᾶναι(
1515 2651 1571 2667 'noa
1593 2642 1716 2668 Conrwln
1739 2643 1783 2668 ,καί

134 2684 370 2717 archiepiscopum17
389 2685 537 2711 Coloniensi
564 2685 736 2715 ‹lebebmztm·;
766 2685 867 2710 Emzcn
888 2694 912 2711 υ.
934 2685 1057 2717 Echertr,
1086 2686 1101 2711 Ι.
1116 2694 1136 2711 c.
1151 2688 1166 2711 t.
1182 2686 1225 2716 ΙῙ,
1251 2695 1278 2718 1²·
1293 2690 1352 2716 453,
1380 2689 1476 2711 212434.
1576 2686 1602 2717 3)
1626 2686 1780 2718 Eum-[cerm

134 2731 224 2761 postca
242 2728 437 2762 archiepiscopi.
525 2729 552 2761 4)
577 2729 608 2754 Ut
627 2728 728 2754 ridetur
747 2737 772 2754 (ι.
789 2732 856 2760 1261,
879 2728 950 2761 Sept.
965 2734 994 2755 le*
1012 2732 1035 2754 ct
1056 2733 1100 2761 25,-
1122 2729 1264 2754 (baiadus
1282 2729 1345 2754 vbzsszsst
1364 2729 1431 2761 Sept,
1446 2732 1484 2755 28.

238 2782 300 2806 Bm.
316 2781 395 2806 Pom.
412 2784 454 2806 111.
1542 2782 1574 2805 b'e'
