2106 2979
752 86 950 112 EPISTOLAE
969 86 1155 113 SELECTAE.
1193 87 1268 113 1268.
1769 90 1829 121 693

185 173 336 214 proponis
371 172 401 202 in
436 182 534 202 manu
568 171 642 202 forti
679 172 855 212 procedere
887 183 924 203 ac
954 173 1027 203 illos
1057 173 1166 203 divina
1198 173 1329 204 favente
1361 174 1534 204 clementia
1568 178 1755 205 convertere
1791 175 1829 205 ad

185 223 305 254 cultum
336 223 411 254 fidei
441 223 638 261 Christiane,
670 223 818 264 quodque
842 224 1036 255 venerabilis
1060 224 1160 255 frater
1189 228 1301 256 noster
1326 250 1356 256 ..
1382 224 1606 256 Olomucensis
1637 226 1829 267 episcopus¹

184 275 276 316 signo
300 275 425 306 vivifice
458 275 559 305 crucis
590 277 757 315 assumpto
788 278 893 305 tecum
927 286 961 306 se
993 276 1139 306 conferre
1169 277 1321 317 proponit
1353 276 1393 306 ad
1424 278 1528 318 ipsum
1559 278 1724 318 negotium
1756 277 1829 308 fidei

185 326 446 368 promovendum.
494 326 601 362 Quare
628 326 720 356 nobis
746 326 863 357 devota
897 337 1029 368 precum
1063 328 1217 358 instantia
1250 328 1454 369 supplicasti,
1486 332 1534 364 ut,
1566 339 1636 359 cum
1668 329 1699 359 in
1728 339 1828 369 regno

119 390 129 407 ⁵
184 378 328 416 Boemie,
352 378 598 409 marchionatu³
622 377 784 415 Moravie,
817 379 949 409 Austrie
976 389 1013 409 ac
1039 379 1135 410 Stirie
1166 379 1336 410 ducatibus
1361 380 1417 410 tibi
1443 380 1597 411 subiectis
1622 380 1710 411 nulla
1734 380 1829 411 sedes

183 429 467 470 archiepiscopalis
499 430 634 465 existat,
674 429 750 460 licet
780 431 956 470 antiquitus
988 431 1020 461 in
1045 430 1191 461 Moravia
1220 431 1314 462 sedes
1347 431 1530 462 huiusmodi
1561 432 1661 462 fuisse
1691 431 1826 469 dicatur,

184 481 360 511 venerabili
390 481 479 511 fratri
511 485 620 511 nostro
647 506 653 512 .
673 506 679 512 .
704 481 947 523 archiepiscopo
973 482 1243 523 Salzeburgensi2
1269 483 1470 513 committere
1503 493 1704 519 curaremus,
1740 487 1775 513 ut
1804 484 1828 513 si

183 532 285 563 dictas
303 532 491 569 Letowiam,
517 531 710 562 Galandiam
737 536 769 563 et
786 532 973 563 Getvesiam
999 534 1048 564 vel
1074 544 1115 564 cx
1140 534 1186 564 eis
1213 538 1336 564 tantum
1355 534 1394 564 de
1412 534 1629 575 predictorum
1653 534 1828 564 infidelium

183 583 332 614 manibus
358 584 435 625 eripi
460 583 599 614 Domino
625 585 834 625 permittente
859 585 1080 625 contingeret,
1118 585 1201 626 quod
1232 586 1333 626 possit
1363 586 1481 616 exinde
1512 586 1701 627 metropolis
1734 587 1830 616 statui

108 651 130 669 ιο
183 639 412 676 congruenter,
444 635 692 666 Olomucensem
730 636 903 666 ecclesiam
935 637 1203 678 archiepiscopali
1236 636 1393 677 dignitate
1424 637 1604 678 presignire
1638 641 1764 667 curaret
1794 647 1829 666 ac

182 688 260 717 alias
285 688 315 718 in
340 687 434 718 terris
459 687 581 718 eisdem
608 687 764 717 ecclesias
790 688 931 727 erigeret
956 688 1171 719 cathedrales.
1197 699 1258 729 que
1283 689 1341 729 ipsi
1361 688 1570 719 Olomucensi
1596 689 1733 719 ecclesie
1758 692 1827 718 tan-

183 749 278 780 quam
303 740 549 780 metropolitane
569 739 751 769 subessent.
794 739 953 773 Profecto,
981 740 1025 770 fili
1051 740 1226 775 carissime,
1253 744 1341 770 tuum
1366 741 1397 770 in
1423 740 1482 770 hac
1507 744 1597 781 parte
1622 739 1829 776 desiderium,

182 791 264 832 quod
290 801 331 821 ex
356 790 423 821 zelo
450 800 565 830 magne
591 790 773 820 devotionis
803 790 930 831 prodire
966 792 1179 832 percipimus,
1211 791 1317 831 dignis
1349 792 1378 821 in
1405 791 1542 821 Domino
1568 791 1718 822 laudibus
1743 802 1827 822 com-

181 842 381 873 mendamus.
429 841 493 872 Sed
518 842 592 882 quia
616 842 701 872 dicta
726 843 952 872 Olomucensis
979 843 1115 873 ecclesia
1140 842 1287 873 subiecta
1319 847 1384 879 est,
1418 843 1499 873 sicut
1530 847 1560 873 te
1586 843 1734 883 ignorare
1766 853 1829 872 non

106 909 129 927 15
181 894 373 931 eredimusb,
405 893 610 934 Maguntiue,
643 894 724 923 votis
755 894 817 924 tuis
847 905 943 935 super
976 894 1035 924 hoc
1069 904 1210 924 annuere
1244 895 1312 924 sine
1344 895 1445 935 ipsius
1476 895 1614 924 ecclesie
1640 893 1827 934 Maguntine

183 945 359 988 preiudicio
394 946 610 986 nequiremus.
665 945 900 976 Nichilominus
930 951 1038 976 autem
1070 951 1203 988 propter
1233 946 1293 976 hoc
1322 946 1352 976 in
1384 950 1449 976 tam
1481 945 1634 976 laudabili
1666 946 1829 987 proposito

182 1008 243 1028 non
273 1001 438 1039 tepescas,
472 998 646 1038 quinimmo
679 1007 879 1038 prosequens
911 997 1107 1028 fortitudinis
1136 998 1301 1038 spiritum,
1337 1007 1432 1038 quem
1458 997 1674 1038 assumpsisse
1699 997 1828 1031 videris,

182 1052 292 1080 contra
324 1049 467 1090 prefatos
501 1049 644 1079 infideles
681 1059 816 1090 sperans
849 1049 888 1078 de
926 1060 1066 1090 superne
1103 1049 1275 1079 clementie
1308 1049 1425 1079 virtute
1463 1048 1630 1089 procedas
1689 1048 1771 1078 Nam
1804 1049 1829 1078 si

180 1101 276 1131 fuerit
300 1101 357 1131 tibi
383 1111 424 1131 ex
449 1101 514 1131 alto
539 1101 743 1141 permissum,
769 1100 853 1141 quod
879 1101 918 1131 de
944 1101 1097 1142 predictis
1122 1101 1215 1131 terris
1240 1104 1365 1130 tantum
1390 1101 1579 1141 conquirere
1597 1100 1718 1136 valeas,
1744 1099 1827 1141 quod

104 1167 127 1185 ρο
181 1153 219 1183 ad
246 1152 451 1183 statuendum
477 1153 679 1193 metropolim
705 1152 854 1182 sufficere
879 1152 1074 1189 dinoscatur,
1101 1163 1199 1194 super
1224 1152 1284 1182 hiis
1310 1151 1480 1192 providere
1506 1151 1709 1188 curabimus,
1736 1155 1829 1192 prout

179 1204 243 1234 tuis
269 1204 360 1234 iustis
385 1203 554 1234 desideriis
580 1215 758 1244 congruere
784 1213 820 1234 ac
846 1205 977 1235 utilitati
1004 1205 1141 1246 partium
1166 1204 1292 1234 illarum
1318 1203 1492 1233 viderimus
1519 1203 1673 1244 expedire
1687 1203 1706 1234 ³.

282 1255 355 1286 Dat.
374 1255 523 1293 Viterbii,
549 1255 631 1286 XIII
656 1255 824 1286 Kalendas
849 1255 1029 1293 Februarii,
1054 1267 1137 1287 anno
1162 1255 1242 1286 1110.

961 1456 1046 1490 (371.

288 1511 442 1557 Clemens
466 1523 522 1554 11⁷
534 1533 621 1562 papa
646 1522 879 1553 universitatem
910 1521 1098 1561 Guelforum
1128 1521 1313 1552 Seniensium
1342 1521 1477 1551 coecludit
1500 1532 1520 1551 α
1543 1522 1719 1559 sententiis,
1750 1530 1829 1560 quas

177 1587 208 1607 a.
226 1577 318 1614 1267,
350 1575 428 1607 Non.
447 1576 487 1605 18
512 1576 544 1605 in
568 1576 646 1605 cives
670 1576 821 1605 Scmmses
846 1573 1028 1604 intrinsecos
1051 1574 1159 1604 tulerit
1178 1583 1238 1612 pro
1261 1584 1307 1609 eo,
1331 1573 1413 1612 quod
1439 1573 1653 1604 Com-adinum
1676 1574 1709 1603 ‘in
1734 1583 1828 1613 prac-

101 1644 124 1662 25
176 1627 290 1658 sidium
314 1637 404 1658 sutem
428 1628 618 1657 evocaverim
641 1629 667 1656 et
695 1626 806 1657 Ciu-olo
829 1626 893 1665 rcyi
918 1625 1060 1662 Siciliae,
1091 1625 1259 1664 promotori
1279 1625 1369 1664 pacis
1396 1624 1539 1661 Tusciae,
1563 1634 1594 1655 sc
1617 1625 1825 1664 opposuerint.

1466 1677 1557 1713 1268,
1580 1676 1672 1707 Fcbr.
1690 1677 1741 1707 12.

282 1739 356 1764 Cleon.
371 1738 488 1771 IVRey.
508 1738 558 1763 Vol.
573 1738 596 1769 I,
619 1741 681 1767 193‚·
702 1737 758 1763 Lib.
775 1737 828 1769 III,
850 1742 902 1763 149.
941 1737 1090 1770 Epistolmn
1109 1745 1141 1763 ez
1162 1737 1278 1770 Reglcstis
1298 1736 1432 1769 descripsit
1449 1736 1475 1761 V.
1488 1736 1523 1762 Ol.
1538 1736 1655 1761 Monaci.

281 1782 368 1815 Posse,
389 1782 404 1807 I.
419 1790 438 1807 c.
450 1790 477 1814 1).
492 1785 535 1813 48,
556 1790 582 1807 η.
598 1785 658 1808 601:
679 1780 783 1806 RFW
802 1784 875 1806 9874.

551 1879 842 1914 Universitati
878 1878 1140 1914 Guelforum
1175 1877 1451 1912 Senensium.

100 1960 124 1979 30
281 1943 426 1975 Meretur
450 1945 632 1976 devotionis
650 1950 757 1975 vestre
781 1945 959 1975 constantia
984 1944 1042 1974 sub
1069 1944 1188 1974 favoris
1213 1943 1383 1984 apostolici
1407 1942 1511 1983 gratia
1536 1942 1707 1979 confoveri,
1733 1942 1822 1972 cuius

176 1995 463 2037 indempnitatibus
490 2008 527 2027 eo
552 1997 723 2037 benignius
749 2006 973 2038 precavemus,
1004 2005 1066 2036 quo
1092 1995 1259 2025 decentius
1286 2005 1357 2024 esse
1383 1993 1616 2034 conspicimus,
1653 1998 1686 2024 ut
1719 1994 1821 2034 ipsam

176 2048 341 2088 oportunis
378 2049 527 2089 presidiis
564 2048 784 2079 favorabiliter
818 2057 1058 2088 prosequamur.
1128 2046 1212 2076 Sane
1248 2047 1279 2076 in
1315 2046 1397 2076 festo
1434 2044 1645 2075 dedicationis
1682 2044 1821 2075 Basilice

176 2099 404 2140 Apostolorum
422 2099 581 2141 Principis
607 2100 753 2141 proximo
779 2100 955 2140 pretel·ito‘²
975 2097 1180 2140 processibus
1206 2098 1323 2128 nostris
1349 2097 1423 2127 olim
1449 2107 1526 2137 erga
1551 2097 1639 2126 cives
1659 2095 1822 2126 Senenses

175 2151 367 2182 intrinsecos
399 2151 532 2187 habitis,
562 2151 675 2182 studiis
705 2161 832 2192 quoque
865 2155 961 2192 atque
986 2150 1152 2180 laboribus
1179 2148 1382 2190 apostolicis,
1413 2158 1474 2188 que
1500 2158 1556 2189 pro
1582 2157 1691 2178 eorum
1718 2147 1822 2177 salute

173 2213 232 2243 per
255 2213 313 2233 nos
339 2208 371 2233 et
395 2203 541 2234 diversos
567 2204 695 2233 nuntios
720 2208 848 2233 nostros
873 2202 1028 2232 adhibere
1053 2202 1246 2238 curavimus,
1272 2201 1302 2230 in
1328 2200 1440 2230 maiori
1466 2199 1605 2229 ecclesia
1623 2198 1820 2228 Viterbiensi

174 2264 281 2284 coram
305 2254 447 2284 fidelium
472 2254 677 2285 multitudine
702 2255 889 2291 recensitis,
925 2253 1133 2284 attendentes
1165 2251 1248 2293 quod
1277 2252 1337 2293 ipsi
1367 2251 1613 2292 dampnabiliter
1646 2251 1678 2280 in
1712 2260 1820 2280 arcum
1837 2264 1967 2289 1³s.77,57.

174 2307 321 2337 conversi
353 2316 539 2347 perversum
568 2306 748 2336 iuramenta
777 2310 809 2336 et
841 2306 1086 2347 promissioneS,
1112 2314 1173 2345 que
1202 2303 1241 2334 de
1266 2302 1408 2344 parendo
1434 2302 1593 2332 mandatis
1620 2301 1735 2331 nostris
1761 2301 1820 2331 sub

98 2223 122 2242 35

278 2434 301 2466 ὃ)
322 2437 467 2460 marchiam
482 2435 512 2460 Ii.
603 2435 627 2467 b)
647 2436 773 2460 eredimus
792 2435 847 2458 alia
866 2435 977 2458 tinctura
997 2434 1023 2457 ιή
1042 2434 1157 2465 margine
1176 2433 1301 2457 additum.

280 2513 304 2543 l)
326 2512 436 2542 B7·m10;
465 2513 496 2543 cf.
510 2510 649 2539 Peerch,
678 2510 786 2535 Preuss.
800 2510 863 2543 Rey.
878 2518 904 2535 n.
920 2513 970 2535 762.
1060 2510 1086 2540 2)
1112 2508 1270 2533 IVludislao.
1359 2509 1385 2540 3)
1405 2507 1447 2532 Dc
1467 2506 1628 2539 expeditione
1645 2507 1714 2539 reglis
1732 2509 1826 2531 contra

98 2567 121 2585 40
169 2563 290 2588 paganos
317 2555 445 2580 Prusciae
468 2564 492 2580 α.
512 2558 582 2585 1267,
612 2554 673 2579 Dec.
695 2569 726 2571 —
745 2562 769 2579 (ι.
786 2557 861 2583 1263,
893 2553 953 2578 Ian.
976 2553 1050 2583 facta
1074 2553 1107 2583 cf.
1129 2551 1253 2577 Ottolmrs
1281 2546 1638 2576 osterr.Reimchro›1„9591
1664 2552 1686 2573 et
1710 2557 1778 2581 sequ.
1796 2549 1823 2573 in

175 2598 304 2624 Deutsclce
319 2598 414 2623 Chron.
429 2602 445 2623 t.
463 2598 491 2629 Γ,
507 2606 535 2630 1).
548 2601 593 2622 120·
612 2600 633 2621 ct
654 2596 786 2628 Perlbnch„
809 2597 913 2621 Preuss.
930 2595 992 2628 lica.
1007 2604 1034 2620 ›11-
1050 2598 1187 2620 soff—0⁵64.
1226 2596 1258 2619 A.
1274 2598 1344 2623 1265,
1366 2593 1426 2618 Ιιιη,
1440 2597 1470 2618 :35
1490 2592 1606 2617 Clemens
1626 2593 1744 2624 ept'scopo
1765 2591 1823 2617 Olo-

173 2643 289 2667 mztcensi
308 2642 442 2673 concessit,
465 2644 493 2665 ιιι
514 2644 598 2666 terras
619 2639 769 2665 Galandiae
788 2642 810 2664 et
833 2639 979 2670 Geli-(siue,
998 2647 1056 2663 cum
1075 2647 1091 2662 α
1112 2646 1167 2670 reye
1186 2637 1331 2669 acquisitae
1350 2638 1447 2665 essent,
1467 2635 1497 2659 'in
1515 2635 1700 2667 spiritualibus
1718 2637 1823 2667 reyeret,

172 2684 255 2710 donee
274 2685 344 2710 sedes
364 2685 506 2716 apostolica
526 2691 603 2716 super
621 2683 660 2707 Itis
679 2683 758 2708 aliter
773 2681 932 2714 procideret:
959 2681 1018 2706 Lib.
1036 2681 1096 2711 ΙΙΙ,
1117 2685 1175 2708 142,-
1196 2680 1312 2705 Potthast
1334 2682 1433 2705 ’ΞΟ-339,-
1451 2679 1482 2710 cf.
1498 2678 1556 2703 Lib.
1572 2678 1631 2709 ΙΙΙ,
1654 2681 1698 2703 139
1717 2680 1740 2702 et
1762 2681 1822 2707 140,-

174 2729 294 2755 Potthast
316 2731 400 2754 20229
420 2730 443 2753 ct
463 2730 554 2752 20:²46.
642 2727 669 2759 4)
691 2727 807 2757 A.1267,
827 2724 894 2750 Nor.
910 2728 956 2755 18;
976 2724 1010 2755 cf.
1022 2733 1050 2757 p.
1064 2727 1118 2756 680²,
1140 2726 1190 2748 not.
1207 2726 1222 2748 2
1241 2725 1264 2748 et
1283 2730 1310 2747 n.
1324 2726 1380 2747 673.
