2106 2979
114 661 139 678 10

114 918 137 936 15

112 1175 136 1194 20

111 1437 134 1455 25

109 1693 133 1711 :10

108 2207 132 2224 ⁴0

760 99 957 125 EPISTOLAE
977 100 1163 126 SELEOTAE.
1201 102 1275 127 1268.
1779 107 1838 136 707

194 184 367 223 malitiam,
399 183 439 214 ad
464 184 594 214 seminis
619 183 784 225 dampnati
810 185 963 226 reliquias
988 187 1098 218 oculos
1123 187 1314 228 dirigentes.
1341 188 1576 229 Com-adinum,
1602 189 1761 231 quondam
1786 189 1839 220 Fr.

195 235 270 266 olim
301 235 519 266 Romanorum
556 236 757 276 imperatoris
792 240 961 277 nepotem,
999 239 1102 268 missis
1133 238 1172 268 ad
1204 249 1277 269 eum
1314 241 1433 271 nuntiis
1470 241 1500 271 in
1536 252 1627 272 suum
1663 240 1838 282 presidium

197 290 380 318 evocarunt.
430 287 553 327 Regem
585 297 712 328 quoque
743 288 902 328 prefatum
933 288 1127 320 destinatum
1153 301 1171 320 a
1194 291 1287 321 nobis
1317 291 1355 322 de
1384 291 1518 322 fratrum
1551 296 1733 323 nostrorum
1764 302 1838 322 con-

197 339 268 369 silio
293 338 333 369 ad
358 337 490 369 easdem
515 342 622 379 partes
643 338 759 369 Tuscie
784 339 987 379 paciariumfl.
1013 341 1072 371 hoc
1098 345 1147 371 est
1168 342 1255 382 pacis
1280 343 1409 383 publice
1434 347 1642 381 servatorem,
1668 344 1839 374 admittere

196 390 428 421 contumaciter
458 389 672 430 denegantes.
707 401 740 420 sc
765 391 810 420 illi
843 395 964 422 temere
989 403 1025 422 ac
1051 393 1259 433 pertinaciter
1289 404 1451 435 opponere
1478 396 1646 436 ipsumque
1672 405 1781 436 regem
1808 398 1840 424 et

196 452 253 472 nos
276 442 308 472 in
333 441 445 472 eodem
471 442 693 482 multipliciter
717 442 881 473 offendere
907 454 963 484 pro
989 444 1108 474 viribus
1133 447 1432 486 presumpseruntl.

298 493 434 534 Propter
458 492 542 533 quod
567 503 625 523 nos
652 493 682 523 in
708 493 790 523 festo
813 494 1028 525 dedicationis
1046 495 1188 526 Basilice
1206 496 1367 538 Principis
1386 497 1838 539 Apostolorumpontificatus

194 546 293 576 nostri
319 554 402 575 anno
425 543 540 575 terti02
559 544 588 574 in
613 544 674 574 hac
693 545 805 575 maiori
823 545 961 576 ecclesia
978 546 1177 577 Viterbiensi
1200 548 1330 579 cosdem
1349 549 1436 579 cives
1456 549 1619 580 Senenses
1637 550 1837 585 intrinsecos.

194 607 273 638 quos
298 607 353 637 pro
379 607 428 631 eo.
453 595 536 637 quod
562 599 595 626 ut
619 597 814 636 premittitur
836 597 995 628 mandatis
1020 599 1139 628 nostris
1165 610 1277 640 parere
1301 603 1572 642 contempserant.
1599 600 1717 632 dudum
1743 604 1839 632 antea

193 648 389 679 duxeramus
426 648 773 679 excommunicationis
804 649 1163 681 vinculo=innodandos
1195 661 1341 692 quosque
1374 652 1512 682 favendo
1543 652 1728 682 Oonradino
1764 663 1836 694 pre-

193 700 278 731 dicto
309 700 341 730 in
371 700 563 730 sententiam
595 699 692 729 latam
724 700 752 729 in
786 700 926 731 fautores
959 701 1058 742 ipsius
1088 712 1150 731 non
1181 707 1230 732 est
1261 702 1394 732 dubium
1427 703 1590 737 incidisse,
1627 704 1666 734 de
1695 705 1836 745 ipsorum

192 752 325 782 fratrum
360 751 493 781 consilio
532 752 832 782 excelnnm11icat‹,›s
869 752 998 793 publice
1033 753 1308 787 denuntiavimus
1348 754 1462 785 iterato
1500 765 1540 785 ex
1573 755 1694 785 eisdem
1731 756 1837 786 causis

192 804 511 834 excommunicantes
537 802 669 833 eosdem
697 806 727 833 ct
752 814 905 844 personas
931 815 1041 834 corum
1067 805 1148 835 citra
1172 806 1282 836 mortis
1308 810 1339 836 et
1364 807 1577 837 mutilationis
1602 808 1782 848 periculum
1800 818 1836 838 ac

190 855 275 886 bona
299 855 439 885 mobilia.
465 855 531 884 sivc
558 855 589 884 111
614 854 753 884 Francia
777 855 845 884 sive
872 856 900 885 in
927 855 1046 896 Anglia
1072 856 1120 886 vel
1146 857 1221 886 alibi
1248 857 1440 898 ubicumque
1466 858 1584 892 forent.
1610 859 1836 889 nichilominus

191 910 389 948 exponentes
423 906 463 936 ab
495 905 642 936 omnibus
673 906 802 947 impune
838 917 873 936 110
905 906 1004 937 libere
1037 908 1225 949 capiendas&
1263 919 1299 939 ac
1330 909 1462 950 insuper
1494 914 1604 951 aperte
1630 910 1836 951 111-0111000103

191 958 324 995 eisdem,
350 958 435 999 quod
461 958 485 987 si
512 958 619 988 forsan
646 959 674 987 in
701 958 823 988 malitia
848 969 906 988 sua
931 960 1142 1000 persisterent
1168 970 1224 990 nce
1250 961 1332 990 infra
1356 972 1499 991 mensem
1526 965 1646 992 extunc
1664 961 1702 991 nd
1726 966 1836 992 nostra

191 1014 222 1040 et
252 1010 389 1040 ecclesie
420 1009 573 1040 mandata
604 1009 763 1040 redirent.
800 1010 839 1039 ad
870 1010 1060 1051 privandum
1094 1011 1271 1042 Senenscm
1308 1013 1479 1043 ecclesiam
1516 1013 1636 1044 honore
1673 1013 1835 1047 cathedre.

189 1063 324 1093 01011003
349 1072 424 1092 vero
450 1062 541 1092 filios.
567 1062 682 1092 fratres
707 1066 738 1092 ct
762 1063 960 1103 propinquos
985 1074 1095 1093 corum
1121 1064 1269 1094 omnibus
1296 1064 1463 1094 beneficiis
1489 1065 1551 1095 iam
1576 1065 1718 1095 obtentis
1743 1068 1774 1096 et
1796 1065 1835 1095 ad

190 1113 388 1145 reddendum
421 1114 507 1154 ipsos
540 1113 699 1144 inhabiles
725 1113 762 1143 ad
789 1113 852 1143 alia
877 1113 1065 1147 obtinenda.
1102 1118 1195 1154 prout
1221 1114 1401 1145 videremus
1433 1115 1625 1157 expediens.
1662 1116 1835 1157 procedere

188 1176 382 1196 curaremus.
443 1165 570 1195 Extnnc
605 1169 711 1194 autem
749 1165 857 1195 omnia
891 1166 1076 1206 privilegia.
1113 1166 1330 1207 indulgentias
1367 1170 1399 1197 ct
1429 1177 1635 1208 quascunque
1668 1168 1789 1208 gratias
1818 1178 1836 1197 a

189 1216 265 1247 sede
299 1217 477 1258 apostolica
506 1227 563 1257 per
593 1226 800 1257 quoscunque
826 1217 986 1247 Senenscs
1011 1217 1161 1247 obtentas
1201 1229 1324 1248 necnon
1351 1222 1383 1248 et
1407 1218 1531 1249 litteras
1557 1220 1602 1249 eis
1627 1229 1724 1260 super
1747 1219 1833 1249 debi-

188 1273 290 1299 torum
315 1268 561 1309 recuperatione
588 1278 757 1298 conccssas
784 1269 966 1298 revocanda
990 1268 1141 1299 duximus
1167 1274 1198 1299 ot
1223 1270 1351 1309 penitus
1378 1270 1548 1302 irritanda.
1574 1271 1633 1300 illis
1659 1271 1734 1301 solis
1760 1281 1832 1311 pro-

187 1319 304 1350 futuris
329 1319 468 1352 eisdem.
502 1330 563 1360 que
595 1319 712 1349 exinde
746 1320 827 1349 infra
858 1324 922 1350 tres
948 1331 1075 1350 menscs
1106 1331 1162 1360 per
1195 1321 1330 1351 candem
1357 1321 1467 1352 sedem
1492 1322 1676 1352 obtinerent
1700 1322 1832 1352 forsitan

188 1371 341 1402 innovari.
388 1371 542 1401 Preterca
575 1371 733 1401 universis
760 1370 880 1401 (un-isti
911 1372 1060 1401 fidelibus
1092 1372 1273 1402 curavimus
1298 1372 1473 1403 districtius
1504 1372 1666 1411 inhibere,
1697 1384 1736 1403 110
1761 1373 1831 1414 quis

186 1425 238 1453 etc.
253 1422 409 1453 311011ίῦ113
424 1423 525 1452 verbis
540 1431 576 1452 ac
589 1433 619 1461 J).
642 1424 711 1459 70:7¹,
735 1423 791 1453 lin.
809 1425 937 1452 .·.’7'--.⁵›’:3
957 1432 1067 1461 usquc:
1093 1434 1203 1454 carere
1220 1424 1422 1454 decrevimus
1440 1425 1524 1454 omni
1542 1425 1657 1455 robore
1674 1424 1834 1454 firmitatis

186 1477 218 1504 et
242 1474 361 1505 nullius
387 1475 515 1516 penitus
542 1486 614 1505 esse
640 1475 802 1504 momenti.

288 1526 409 1557 Verum
435 1526 507 1567 quia
528 1526 696 1556 memorati
715 1525 878 1556 Sencnses
904 1527 1068 1557 intrinseci
1094 1527 1125 1557 in
1152 1537 1209 1557 sua
1237 1527 1359 1558 malitia
1385 1527 1531 1558 obdurati
1548 1538 1610 1558 non
1630 1527 1731 1558 solum
1757 1538 1832 1558 con-

185 1581 386 1619 tempserunt
411 1577 448 1608 ad
475 1582 583 1608 nostra
608 1581 639 1608 et
664 1578 802 1608 ecclesie
828 1578 981 1608 mandata
1014 1578 1132 1612 redire.
1158 1589 1267 1608 verum
1294 1579 1390 1609 ctiam
1422 1582 1598 1609 memorato
1631 1579 1697 1619 regi
1724 1578 1832 1609 Sicilie

187 1640 221 1660 se
253 1629 458 1671 postmodum
492 1633 712 1670 opposuerunt
737 1630 879 1670 apertius
913 1633 945 1659 et
973 1629 1060 1660 (licto
1085 1629 1268 1660 Conradino
1303 1630 1449 1661 faventes
1480 1631 1552 1671 plus
1583 1630 1698 1660 solito4
1728 1630 1832 1661 eidem

186 1681 389 1711 manifestius
415 1680 628 1711 adheserunt:
655 1692 712 1711 nos
738 1681 824 1722 ipsos
850 1685 980 1722 propter
1005 1681 1063 1711 hec
1088 1681 1127 1711 de
1152 1682 1370 1723 predictorum
1395 1682 1529 1712 fratrum
1555 1682 1689 1711 consilio
1707 1681 1829 1712 denun-

186 1733 301 1763 tiamus
337 1733 707 1762 excommunicationum
738 1733 906 1762 sententiis
939 1732 1117 1762 innodatos.
1176 1733 1252 1763 Illos
1283 1734 1395 1771 etiam,
1427 1733 1479 1774 qui
1503 1736 1578 1773 post
1605 1735 1656 1763 111.
1679 1733 1834 1763 similibus

184 1783 284 1814 verbis
317 1794 404 1822 acp.
423 1786 497 1817 704,
534 1784 589 1813 Im.
609 1784 714 1813 ,02:36
744 1793 859 1822 usquc:
892 1784 931 1814 ad
966 1788 1077 1814 nostra
1107 1788 1139 1814 et
1168 1785 1307 1815 ecclesie
1339 1784 1491 1814 mandata
1519 1783 1623 1814 redire
1647 1788 1830 1825 procurent.

186 1835 339 1876 Alioquin
368 1846 494 1866 exnunc
526 1836 633 1865 omnia
664 1835 748 1865 bona
779 1846 887 1865 corum
913 1835 1059 1867 mobilia.
1091 1836 1168 1866 lieet
1200 1846 1238 1866 ea
1268 1836 1386 1866 dudum
1416 1835 1604 1866 duxerimus
1629 1836 1830 1877 exponenda.

186 1887 217 1917 in
253 1886 401 1917 omnibus
433 1886 689 1917 Christianorum
726 1887 833 1927 regnis
867 1891 898 1917 et
932 1887 1120 1927 regionibus
1152 1888 1283 1927 regibus
1318 1891 1350 1917 et
1383 1887 1555 1918 baronibus
1587 1887 1830 1927 crucesignatis,

187 1939 322 1979 singulis
347 1938 501 1969 videlicet
536 1938 566 1968 in
597 1938 754 1968 demaniis
785 1939 866 1973 suis.
903 1939 1108 1979 exponimus.
1141 1949 1199 1979 per
1229 1950 1283 1969 eos
1317 1939 1348 1968 in
1378 1949 1433 1968 sue
1463 1938 1730 1979 peregrinationis
1755 1938 1829 1968 sub-

186 1990 302 2021 3111111111
328 1990 556 2021 convertenda.
605 1989 666 2020 Sed
689 1994 798 2019 01111111
824 1991 1040 2030 crucesignati
1066 2001 1105 2020 ea
1129 1990 1230 2020 libere
1252 1991 1389 2031 capiant.
1415 1989 1476 2020 sibi
1499 2000 1555 2030 pro
1580 1993 1670 2030 parte
1689 1989 1830 2023 dimidia,

186 2042 309 2082 reliqua
334 2052 410 2072 vero
436 2041 536 2072 Terre
563 2041 681 2072 Sancte
708 2041 852 2071 subsidio
877 2042 1080 2082 applicanda.
1127 2041 1288 2071 Personas
1315 2042 1411 2071 etiam
1442 2042 1601 2082 ipsorum.
1635 2051 1653 2071 11
1678 2042 1771 2071 nobis
1796 2045 1831 2071 ut

187 2093 383 2135 premittitur
409 2093 486 2123 citra
513 2093 689 2134 periculum
714 2093 826 2123 mortis
853 2097 884 2123 ct
908 2093 1119 2123 mutilationis
1154 2093 1337 2134 expositas.
1374 2093 1489 2123 iterato
1523 2093 1671 2123 similiter
1701 2093 1732 2122 in
1756 2103 1828 2133 pre-

184 2145 315 2175 missum
341 2155 449 2174 casum
475 2145 681 2185 exponimus.
716 2154 772 2185 per
796 2145 963 2185 capientes
988 2144 1027 2174 ad
1054 2144 1309 2186 redemptionem
1334 2145 1552 2185 pecuniariam
1577 2144 1829 2185 compellendas

185 2195 360 2227 Civitatem
386 2206 513 2237 quoque
539 2200 572 2226 et
596 2206 765 2226 commune
792 2195 956 2226 Senenses
981 2195 1128 2226 omnibus
1153 2196 1344 2237 privilegiis.
1374 2195 1591 2225 iurisdictione
1616 2206 1652 2225 ac
1682 2195 1829 2225 districtu

185 2258 256 2278 esse
281 2247 488 2278 decernimus
514 2247 583 2288 ipso
608 2248 693 2277 facto
717 2248 867 2288 privatos.
915 2247 956 2277 Et
982 2248 1069 2288 isses
1094 2248 1228 2288 insuper
1251 2251 1382 2289 propter
1400 2247 1540 2288 dampna
1564 2247 1655 2276 nobis
1674 2250 1706 2277 et
1723 2247 1827 2277 ecclc-

184 2300 230 2329 sie
255 2299 401 2329 Romane
427 2299 466 2329 ab
491 2300 569 2340 ipsis
594 2299 684 2329 illata
709 2303 742 2330 et
766 2299 908 2340 ipsorum
935 2300 1166 2329 contumaciam
1192 2303 1224 2329 et
1249 2303 1471 2340 contemptum
1496 2297 1605 2328 tantob
1625 2298 1827 2328 continuatos

183 2354 330 2392 tempore
355 2351 458 2381 teneri
484 2350 687 2381 decernimus
712 2351 743 2380 in
769 2351 882 2390 viginti
914 2351 1045 2380 milibus
1077 2361 1254 2380 marearum
1286 2351 1427 2391 argenti.
1461 2350 1501 2380 ad
1531 2359 1610 2390 quas
1640 2360 1696 2379 cos
1726 2350 1826 2380 nichi-

182 2402 321 2433 lominus
352 2402 457 2433 eidem
489 2403 628 2432 ecclesie
661 2402 948 2443 condempnemus.
995 2402 1174 2432 Statuimns
1206 2412 1347 2443 quoque.
1379 2405 1413 2431 ut
1438 2401 1544 2431 nullus
1570 2400 1762 2431 senensium
1787 2401 1826 2432 ad

183 2454 392 2494 potestariam
427 2454 476 2483 vel
508 2453 634 2494 aliquod
671 2453 759 2483 aliud
794 2453 934 2483 officium
969 2453 1130 2494 publicum
1162 2457 1217 2483 aut
1248 2453 1403 2483 honorem
1436 2453 1539 2493 possit
1571 2453 1690 2482 assumi
1722 2456 1768 2484 et.
1801 2453 1826 2481 si

285 2582 308 2613 ²²)
328 2583 422 2607 Tuscie
441 2586 464 2606 et
484 2583 625 2614 paciarium
640 2581 686 2607 R,-
705 2583 737 2614 et'.
751 2591 775 2605 τι,
791 2584 847 2606 676.
939 2582 962 2613 b)
983 2586 1067 2606 tantos
1081 2582 1111 2605 R.

286 2651 310 2681 1)
333 2650 369 2681 Ost
385 2650 507 2675 Potthast
526 2653 616 2681 eolat),
643 2652 730 2681 20103,
756 2652 841 2678 20115,
868 2653 954 2680 20171‚
979 2652 1071 2675 20188,
1109 2649 1224 2680 flu-2613
1249 2647 1310 2673 Dec.
1327 2652 1337 2672 1
1355 2646 1448 2679 foedus
1466 2656 1525 2673 cum
1545 2648 1673 2673 Romcmis
1690 2648 1824 2679 fecerunt,-

180 2695 252 2726 csssp.
269 2696 321 2725 701,
340 2696 394 2718 not.
410 2698 431 2717 (ἡ
507 2694 533 2719 2)
548 2693 580 2718 Α.
596 2695 666 2724 1267,
685 2692 749 2718 Noc.
767 2696 802 2718 18.
881 2693 908 2723 3)
923 2692 963 2724 Cf.
978 2693 1056 2717 ctiam
1070 2700 1098 2723 p.
1114 2694 1168 2723 562,
1188 2693 1240 2716 not.
1253 2694 1269 2715 3
1287 2694 1307 2715 ct
1327 2699 1353 2716 u.
1367 2694 1419 2716 671.
1495 2692 1521 2722 4>
1538 2690 1574 2722 Cf.
1590 2691 1665 2716 eti'am
1682 2690 1744 2716 BF.
1759 2694 1825 2716 4351

181 2739 205 2761 et
224 2739 298 2762 4852.

1569 2784 1617 2809 89⁰
