2106 2979
61 643 68 660 l
72 642 84 658 0

61 1161 85 1178 20

65 1932 87 1951 :35

67 2191 91 2207 41)

68 2449 92 2466 »³5

691 77 891 104 EPISTOLAE
910 75 1103 102 SELEOTAE.
1143 76 1216 102 1262.
1718 78 1779 108 493

133 166 263 197 staret&
309 165 441 196 Eisdem
466 155 562 206 igitur
586 164 684 195 Petro
710 163 812 194 Scotti
840 163 973 203 eiusque
999 163 1094 193 sociis
1129 166 1161 193 et
1189 163 1260 193 aliis
1286 163 1532 204 quampluribus
1558 163 1674 193 vestris
1701 173 1776 193 con-

134 217 258 247 civibus
291 221 421 258 propter
451 216 511 246 1100
540 215 625 257 apud
656 214 766 245 sedem
796 214 1007 255 apostolicam
1047 214 1229 244 constitutis
1259 214 1415 255 nobisque
1450 215 1657 255 sperantibus
1694 215 1780 256 ipsos

134 267 254 298 debere
278 267 445 298 nobiscum
470 277 568 308 super
592 267 651 296 hiis
677 267 707 296 in
733 266 818 296 omni
844 266 978 296 veritate
1002 275 1040 296 ac
1066 265 1204 306 puritate
1236 265 1425 306 procedere,
1458 266 1586 296 tandem
1621 267 1779 308 composi-

136 319 220 349 tione
245 330 317 349 cum
344 319 444 349 nobili
468 318 536 348 viro
560 317 657 348 Petro
682 317 850 348 Tholomei
874 317 990 355 milite,
1022 316 1074 357 qui
1107 327 1178 347 eum
1211 316 1323 347 eodem
1356 318 1532 348 camerario
1565 321 1633 348 tota
1664 318 1781 348 mentis

136 371 318 401 sinceritate
343 370 508 411 processit,
534 369 619 400 facta
642 369 681 399 de
707 369 800 410 plano
824 372 889 399 tam
915 379 1012 409 super
1036 368 1174 409 pecunia
1198 369 1411 399 communiter
1436 379 1505 398 cum
1536 369 1658 400 eisdem
1683 369 1780 399 Petro

137 422 239 452 Scotti
264 426 296 452 et
321 422 416 452 sociis
442 432 535 462 quam
561 421 657 451 ctiam
683 431 781 461 super
804 423 894 450 certa
919 430 1059 457 summa,
1089 430 1184 460 quam
1216 419 1301 450 idem
1330 420 1536 461 singulariter
1559 431 1617 461 per
1641 421 1780 462 seipsum

137 473 240 504 eidem
276 473 413 504 ecclesie
443 475 619 509 mutuarat,
649 471 725 502 dicti
756 472 871 502 Petrus
902 471 1003 501 Seotti
1035 474 1067 501 et
1096 471 1188 509 socii,
1221 482 1239 501 a
1264 471 1314 501 via
1343 471 1489 501 veritatis
1520 475 1551 501 et
1582 472 1782 502 rectitudinis

136 524 325 556 recedentes
357 528 389 555 et
418 534 476 566 per
509 523 731 565 dispendiosas
760 527 791 554 et
825 523 937 563 longas
967 522 1153 553 incedentes
1183 522 1352 563 ambages,
1382 533 1416 552 se
1448 523 1487 553 ad
1517 523 1721 564 subterfugia
1753 527 1783 553 et

136 576 304 606 mendacia
330 578 574 611 converterunt,
609 574 649 605 ad
674 573 991 605 circumveniendum
1016 584 1073 604 nos
1106 577 1138 604 et
1161 573 1280 604 dictam
1314 574 1486 604 ecclesiam
1511 575 1634 605 eunctis
1666 575 1782 605 studiis

136 627 336 663 laborantes;
362 630 394 658 et
419 637 490 657 011111
514 626 601 657 facta
625 626 750 656 ratione
769 636 839 656 cum
858 625 973 656 eodem
991 625 1168 656 camerario
1192 629 1381 666 appareret,
1406 625 1490 666 quod
1512 626 1571 667 ipsi
1590 626 1785 656 tenebantur

135 679 239 710 eidem
264 679 400 710 ecclesie
432 679 462 709 in
492 689 608 719 magna
636 678 774 719 pecunie
805 677 1001 718 quantitate,
1032 687 1127 717 quam
1162 680 1353 718 receperant
1382 677 1466 707 ultra
1495 680 1630 715 sortem,
1659 688 1782 718 nosque

136 731 292 761 vellemus
317 734 454 772 quatuor
478 730 563 760 milia
587 728 739 760 librarum
765 729 999 759 Turonensium
1025 728 1064 759 de
1094 729 1272 770 apostolica
1302 729 1348 759 eis
1372 729 1573 769 benignitate
1608 730 1784 764 remittere„

137 782 175 812 ad
205 782 282 820 hoc,
313 786 348 812 ut
377 782 469 812 nobis
501 781 540 811 de
571 781 700 812 residuo
732 781 816 811 dicte
847 781 982 822 pecunie
1014 780 1268 811 satisfactionem
1298 780 1441 811 debitam
1474 780 1683 811 exhiberent:
1715 781 1783 822 ipsi,

138 833 322 875 cupiditatis
348 837 379 863 et
409 832 542 863 avaritie
569 833 707 862 stimulis
732 833 899 869 concitati,
926 832 1050 873 precise
1076 831 1167 862 nobis
1193 835 1224 861 et
1248 832 1393 873 improbe
1419 831 1668 872 responderunt,
1699 831 1783 873 quod

138 886 324 916 satisfacere
360 885 451 915 nobis
482 888 513 915 et
546 883 629 914 dicte
662 884 800 914 ecclesie
833 884 863 914 in
894 884 1000 925 aliquo
1031 883 1070 914 de
1101 883 1174 919 hiis,
1210 894 1271 924 que
1307 884 1392 914 ultra
1428 887 1547 914 sortem
1583 886 1785 924 receperant,

137 937 318 967 nullatcnus
352 935 574 967 intendebant.
632 934 673 965 Et
710 939 744 965 ut
782 935 914 965 iniurias
950 935 1073 965 iniuriis
1109 938 1141 965 et
1176 935 1347 965 violentias
1378 935 1539 966 violentiis
1575 935 1786 972 cumularent,

137 988 292 1030 quasdam
317 988 440 1018 litteras
465 987 669 1029 apostolicas,
696 997 754 1028 per
770 997 850 1027 quas
874 987 978 1017 felicis
1003 986 1237 1017 recordationis
1256 986 1445 1017 Alexander
1472 997 1554 1028 papa
1571 986 1785 1028 predecessor

137 1043 246 1071 noster
270 1039 407 1080 quedam
433 1038 576 1069 subsidia
600 1039 785 1080 pecuniaria
809 1049 866 1080 pro
900 1039 1040 1069 ecelesia
1071 1038 1185 1069 eadem
1211 1049 1229 1069 a
1253 1038 1445 1079 quibusdam
1471 1038 1673 1068 monasteriis
1698 1038 1784 1068 aliis-

137 1102 198 1132 que
223 1091 379 1132 religiosis
403 1091 504 1132 ipsius
534 1091 623 1131 regni
649 1090 767 1131 Anglie
800 1090 906 1130 colligi
938 1089 1147 1120 mandaverat
1172 1093 1203 1120 ct
1228 1089 1348 1120 eisdem
1374 1089 1472 1120 Petro
1498 1089 1600 1120 Seotti
1630 1093 1661 1119 ct
1689 1089 1784 1119 sociis

137 1143 311 1184 assignari,
341 1143 416 1173 licet
441 1142 526 1172 idem
552 1141 762 1183 predecessor
786 1142 927 1172 noluerit
952 1141 1156 1182 postmodum
1188 1152 1244 1183 per
1269 1152 1323 1172 eas
1349 1152 1476 1183 quoquo
1502 1141 1595 1171 modo
1621 1141 1786 1182 procedi2',

138 1199 170 1225 et
193 1205 273 1235 quas
298 1194 394 1225 etiam
419 1204 519 1235 penes
544 1205 577 1223 se
604 1193 699 1224 iidem
724 1193 839 1224 Petrus
865 1194 968 1224 Scotti
994 1198 1025 1223 et
1050 1194 1126 1223 socii
1157 1193 1278 1224 habere
1310 1197 1500 1227 noscuntur,
1530 1193 1623 1223 nobis
1650 1193 1721 1223 illas
1747 1193 1786 1222 ab

138 1246 183 1276 eis
214 1256 285 1276 cum
311 1246 462 1276 instantia
488 1245 741 1286 requirentibus,
768 1245 938 1275 restituere
967 1245 1095 1286 penitus
1129 1248 1333 1279 recusarunt,
1364 1255 1421 1275 nec
1453 1245 1632 1285 aliquorum
1665 1245 1786 1275 media-

139 1302 242 1328 torum
267 1297 351 1339 apud
376 1308 431 1327 eos
463 1297 612 1338 profuere
638 1297 755 1327 monita
787 1307 843 1327 nec
875 1298 1059 1327 comunium
1093 1297 1268 1327 amicorum
1300 1296 1435 1327 consilia
1469 1296 1580 1326 [luram
1612 1307 1722 1326 corum
1756 1296 1785 1325 in

139 1349 198 1379 liae
223 1352 315 1390 parte
340 1352 513 1390 potuerunt
538 1349 751 1389 pertinaciam
778 1349 935 1385 emollire,
960 1359 1155 1390 quamquam
1181 1348 1219 1378 de
1245 1348 1527 1380 ambaxatoribus,
1560 1358 1639 1388 quos
1665 1347 1705 1377 ad
1730 1358 1786 1377 nos

139 1411 210 1431 cum
228 1401 273 1431 eis
293 1400 494 1441 providentia
511 1404 616 1431 vestra
636 1401 823 1435 transmisit,
850 1411 910 1430 non
934 1400 1091 1430 innuerito
1114 1400 1222 1430 dicere
1242 1401 1416 1438 valeamus,
1442 1400 1525 1440 quod
1550 1410 1612 1429 non
1631 1398 1787 1429 mediato-

140 1463 223 1491 rum,
255 1452 349 1482 immo
373 1452 481 1483 verius
507 1452 735 1482 :ulvocatorum
761 1463 816 1493 pro
848 1453 894 1482 eis
919 1452 1004 1493 apud
1030 1463 1087 1482 nos
1112 1452 1251 1482 officium
1282 1454 1539 1492 assumpserunt.
1587 1450 1653 1480 Nos
1679 1450 1788 1490 igitur,

139 1503 322 1534 evidentius
347 1506 561 1545 agnoscentes
587 1503 670 1544 quod
689 1514 892 1545 nequaquam
910 1503 995 1544 apud
1014 1514 1070 1534 eos
1089 1503 1214 1533 blandis
1232 1502 1497 1544 persuasionibus
1516 1502 1670 1543 proficere
1697 1505 1787 1542 pote-

139 1566 259 1591 ramus,
290 1559 323 1585 ut
347 1555 587 1597 dampnabilem
612 1565 720 1585 eorum
747 1555 942 1597 proterviam
969 1555 1026 1585 sibi
1058 1556 1126 1585 fore
1153 1558 1388 1596 cognoscerent
1418 1565 1480 1584 non
1513 1554 1616 1584 solum
1643 1553 1788 1583 inutilem

139 1606 195 1636 sed
224 1606 449 1648 dampnosam,
479 1617 497 1637 a
522 1607 687 1648 proposito
713 1607 896 1637 remittendi
929 1607 975 1637 cis
1007 1606 1188 1636 huiusmodi
1215 1610 1353 1647 quatuor
1382 1606 1469 1636 milia
1499 1605 1652 1636 librarum
1685 1604 1787 1634 Turo-

141 1659 287 1688 nensium
318 1669 381 1688 non
406 1657 536 1699 indigne
563 1657 761 1692 destitimus,
787 1658 993 1689 intendentes
1024 1659 1153 1688 0111111110
1186 1662 1286 1688 totuin
1311 1657 1404 1695 illud,
1438 1658 1468 1687 in
1500 1668 1561 1698 quo
1586 1657 1672 1697 ipsos
1697 1656 1789 1686 nobis

140 1713 172 1739 et
201 1709 285 1740 dicte
315 1709 452 1740 ecclesie
482 1710 585 1740 teneri
615 1713 813 1751 compertum
844 1714 906 1743 est,
950 1710 1080 1750 exigere
1112 1714 1144 1740 et
1173 1710 1319 1751 recipere
1350 1709 1552 1750 integraliter
1582 1708 1621 1738 ab
1655 1707 1788 1737 eisdem.

140 1760 220 1792 Cum
253 1762 360 1802 itaque
390 1761 485 1792 iidem
518 1761 632 1791 Petrus
663 1762 761 1791 Seotti
794 1766 825 1791 et
855 1762 931 1792 socii
961 1772 978 1791 a
1011 1765 1189 1792 memorata
1218 1761 1295 1792 sede
1333 1761 1541 1792 recesserint,
1576 1760 1721 1790 nolentes
1759 1761 1789 1788 et

141 1816 328 1843 recusantes
360 1813 549 1843 satisfacere
579 1813 670 1843 nobis
700 1824 735 1844 ae
765 1813 928 1854 predictas
953 1813 1151 1854 apostolicas
1184 1812 1321 1843 reddere
1348 1812 1488 1847 litteras,
1518 1815 1610 1852 prout
1640 1810 1788 1851 superius

142 1867 192 1894 est
223 1875 432 1906 expressum,
466 1875 522 1895 nos
558 1865 717 1905 premissa
751 1865 859 1895 omnia
894 1865 967 1895 ideo
1003 1865 1042 1895 ad
1077 1868 1216 1895 vestram
1253 1864 1399 1894 notitiam
1440 1863 1638 1904 presentium
1677 1865 1789 1892 tenore

142 1915 332 1946 deducenda
362 1916 430 1947 forc
455 1916 668 1957 providimus,
700 1919 734 1947 ut
759 1927 830 1949 vos,
861 1927 958 1947 cause
988 1920 1097 1946 nostre
1129 1916 1284 1946 iustitiam
1314 1918 1345 1945 et
1376 1915 1550 1945 violentam
1582 1914 1729 1944 iniuriam
1760 1916 1792 1943 et

142 1967 328 1998 iniuriosam
359 1968 560 2005 violentiam,
594 1978 689 2009 quam
726 1968 800 1998 dicti
832 1968 946 1998 l'ctrus
977 1972 1009 1998 et
1044 1968 1122 1998 socii
1154 1967 1246 1997 nobis
1279 1970 1310 1997 et
1346 1966 1471 2008 prefate
1505 1966 1642 1996 ecclesie
1672 1965 1791 1995 inferre

142 2022 312 2056 conantur,
350 2019 477 2060 plenius
502 2022 534 2049 et
559 2019 710 2060 liquidius
742 2019 962 2057 advertentes,
994 2020 1095 2061 ipsos,
1134 2023 1168 2049 ut
1204 2019 1296 2049 nobis
1335 2022 1438 2048 totum
1470 2018 1522 2053 id,
1555 2017 1640 2058 quod
1673 2017 1792 2047 debent

142 2070 248 2101 eidem
279 2071 433 2107 ecclesie,
467 2081 538 2101 cum
562 2071 749 2111 integritate
782 2072 969 2112 persolvant
1003 2074 1034 2101 et
1061 2070 1222 2112 predictas
1257 2070 1428 2100 restituant
1457 2069 1593 2099 litteras.
1630 2071 1791 2109 potestate

144 2122 234 2151 vobis
261 2121 378 2152 tradita
410 2122 628 2163 compellatis,
670 2123 836 2163 quoniam,
874 2123 932 2153 etsi
969 2122 1154 2153 adversario
1188 2121 1332 2152 eiusdem
1370 2122 1508 2151 ecclesie
1547 2120 1704 2150 duxeritis
1735 2119 1789 2149 ad-

144 2173 333 2211 herendum,
360 2184 422 2204 non
447 2178 555 2204 tamen
580 2177 713 2215 propter
738 2174 795 2204 hoc
819 2174 997 2207 credimus,
1028 2174 1111 2214 quod
1138 2174 1203 2215 pati
1229 2183 1356 2214 quoquo
1381 2172 1475 2202 medo
1500 2172 1620 2207 velitis,
1645 2174 1679 2201 ut
1708 2171 1792 2200 bona

144 2225 244 2266 ipsius
269 2225 406 2255 ecclesie
431 2225 638 2256 detineantur
662 2236 680 2256 a
705 2226 961 2267 quibuscumque
988 2227 1103 2256 vestris
1133 2225 1320 2255 concivibus
1343 2224 1510 2254 violenter.
1552 2223 1693 2263 Ideoque
1719 2223 1788 2252 uui<

145 2277 330 2307 versitatem
349 2279 489 2307 vestram
509 2277 714 2317 monendam,
740 2277 915 2318 rogandam
938 2282 1062 2308 attente
1086 2277 1235 2307 duximus
1253 2280 1284 2307 et
1302 2275 1503 2313 hortandam,
1532 2286 1588 2316 per
1613 2275 1792 2316 apostolica

146 2328 237 2358 vobis
274 2328 392 2369 scripta
428 2328 634 2363 mandantes,
667 2329 818 2369 quatinus
854 2329 1007 2370 predictis
1040 2329 1188 2359 omnibus
1222 2327 1355 2369 provida
1397 2326 1605 2357 meditatione
1648 2326 1792 2367 pensatis

145 2379 293 2410 habeatis
323 2383 465 2410 nostram
496 2390 593 2421 super
623 2380 684 2410 hiis
719 2381 935 2411 innocentiam
966 2384 1165 2414 excusatam,
1195 2384 1227 2410 et
1256 2380 1305 2409 vel
1336 2379 1500 2420 predictos
1530 2378 1659 2408 Petrum
1691 2377 1792 2407 Seotti

145 2435 178 2461 et
202 2432 318 2467 socios,
344 2435 377 2462 ut
401 2431 440 2461 de
466 2434 531 2461 toto
556 2442 610 2469 ee,
638 2432 668 2462 in
694 2442 755 2473 quo
787 2432 879 2463 nobis
904 2433 990 2474 ipsos
1015 2432 1164 2474 apparuit
1196 2431 1301 2472 posita
1335 2430 1458 2461 ratione
1482 2429 1583 2460 teneri
1611 2432 1643 2459 et
1667 2428 1706 2458 de
1731 2438 1793 2468 quo

146 2482 241 2513 nichil
271 2493 402 2524 prorsus
433 2483 480 2513 eis
512 2483 677 2514 remittere
707 2494 764 2514 seu
793 2483 953 2515 dimittere
984 2484 1145 2519 volumus,
1185 2483 1329 2524 plenarie
1358 2482 1450 2512 nobis
1481 2484 1513 2511 et
1544 2481 1629 2511 dicte
1655 2480 1793 2510 ecclesie

146 2534 347 2565 satisfaciant
370 2545 407 2565 ae
431 2534 593 2575 predictas
622 2534 794 2565 restituant
820 2535 955 2572 litteras,
987 2539 1134 2566 coartare
1159 2534 1279 2565 curetis
1304 2534 1353 2564 vel
1380 2544 1441 2563 11011
1466 2533 1603 2563 moleste
1629 2542 1686 2562 nec
1713 2530 1792 2561 indi-

254 2717 277 2741 1)
298 2715 342 2741 De
362 2725 389 2741 re
409 2718 488 2742 simili
507 2718 577 2750 clip.
591 2721 646 2749 417,
667 2718 712 2742 lin.
728 2722 767 2743 2⁹.
855 2718 882 2743 2¹»
905 2718 944 2748 Cf.
962 2716 1082 2741 Parthus-t
1103 2719 1189 2741 16051.
