2106 2979
688 90 884 116 EPISTOLAE
904 89 1096 116 SELECTAE.
1134 89 1207 116 1262.
1706 93 1766 123 497

125 177 329 211 innodatus¹;
355 188 453 218 super
476 187 514 207 eo
539 177 644 214 etiam,
670 176 755 218 quod
780 177 860 218 ipse,
885 177 1137 207 Sarracenorum
1161 176 1240 207 ritus
1262 177 1464 218 amplectens
1483 177 1621 219 illosque
1645 178 1677 209 in
1702 179 1767 209 suis

127 229 296 260 cotidianis
321 228 485 270 obsequiis
517 229 703 260 notabiliter
731 239 840 260 seeum
871 231 984 259 tenens
1017 230 1049 258 et
1078 228 1244 269 preferens
1268 228 1461 259 Christianis
1493 229 1524 259 in
1557 230 1766 272 obprobrium

126 280 201 312 fidei
232 280 427 319 orthodoxe,
459 291 593 321 regnum
621 281 725 322 ipsum
757 280 865 310 Sicilie
893 279 933 310 ad
963 279 1112 310 servilem
1143 282 1175 310 et
1204 280 1450 320 ignominiosum
1477 284 1596 312 statum
1628 282 1765 323 redegit,

127 333 195 363 eius
220 332 333 363 incolis
358 335 389 362 et
413 332 647 363 habitatoribus
672 335 806 373 propter
833 331 969 362 acerbas
994 334 1025 361 et
1048 331 1270 362 intolerabiles
1288 332 1479 363 exactiones
1504 333 1558 363 vix
1582 333 1766 365 valentibus

62 394 72 411 5
126 384 302 426 respirare;
333 394 369 414 ac
400 394 498 425 super
521 383 590 414 dira
614 394 693 414 nece
718 383 873 424 proximis
899 383 960 413 sibi
985 382 1143 424 sanguine
1168 382 1259 413 illata
1283 393 1338 424 per
1362 383 1504 425 ipsum2;
1536 395 1631 426 super
1656 395 1694 416 eo
1718 385 1766 416 in-

125 446 236 476 super,
269 435 354 476 quod
382 434 564 466 Conradum
593 434 737 466 Bussarii
766 435 912 465 nuntium
943 438 975 465 et
999 434 1174 465 vassallum
1204 434 1343 465 Gom-adi
1372 435 1473 477 pueri,
1506 437 1571 466 nati
1605 436 1766 478 quondam

126 486 265 517 Oonradi
289 487 344 517 filii
369 487 529 528 quondam
546 486 599 518 Fr.
618 487 693 516 olim
718 486 935 517 Romanorum
954 486 1169 527 imperatoriS,
1194 485 1271 516 fecit
1296 486 1553 528 proditionaliter
1577 488 1729 519 trucidari
1740 489 1767 520 ³:

125 542 157 569 et
182 549 279 580 super
303 538 487 569 enormibus
520 542 551 569 et
575 538 657 569 fedis
683 538 752 569 eius
779 537 985 576 excessibus,
1017 537 1058 568 de
1091 537 1206 579 quibus
1230 538 1403 569 manifesta
1431 538 1563 569 infamia
1587 539 1768 575 denotatur,

125 593 157 621 et
181 590 325 631 pluribus
349 590 431 623 aliis.
457 601 518 631 que
544 590 575 620 in
599 589 782 620 huiusmodi
807 593 916 620 nostre
942 590 1104 620 citationis
1129 589 1233 620 forma
1256 590 1383 631 plenius
1409 591 1622 621 eontinentur.

49 656 72 674 10
229 641 293 672 Sed
324 641 408 672 idem
433 641 621 672 Manfredus
652 641 806 682 quosdam
837 652 912 671 suos
942 641 1070 671 nuntios
1102 645 1177 672 tunc
1208 641 1247 672 ad
1279 642 1477 683 presentiam
1507 646 1648 674 nostram
1674 643 1768 681 misit,

125 693 177 734 qui
202 693 309 734 aliqua
341 704 396 734 pro
427 704 464 724 eo
495 693 526 723 in
556 696 664 723 nostro
696 693 885 723 consistorio
918 696 1150 734 proponentes,
1182 693 1243 724 nisi
1273 696 1347 723 sunt
1377 693 1514 724 eundem
1547 695 1769 736 multipliciter

123 755 290 775 excusare.
330 744 398 774 Nos
423 747 541 781 autem,
567 743 685 775 auditis
711 748 743 775 et
768 744 940 775 intellectis
965 755 1026 785 que
1054 744 1151 775 iidem
1177 755 1374 786 proposuere
1399 745 1510 783 nuntii,
1536 745 1676 776 diximus
1701 747 1768 777 fore

124 797 156 827 in
181 796 311 837 negotio
336 806 394 838 per
418 797 501 826 viam
526 796 742 837 inquisitionis
774 796 804 826 in
835 796 912 833 hiis,
944 796 974 826 in
1005 796 1121 837 quibus
1151 799 1342 837 oportunum
1375 796 1471 835 foret,
1505 800 1537 828 et
1566 798 1646 828 alias
1672 799 1768 829 etiam

124 847 383 890 procedendum,
415 851 508 889 prout
531 847 715 878 videremus
741 847 918 878 seeundum
944 849 1097 878 iustitiam
1123 847 1289 889 expedire.
1329 847 1571 882 Verumtamen.
1602 850 1676 890 quia
1699 850 1768 891 qui-

48 912 70 930 ιε»
124 899 197 930 dam
227 911 267 931 ex
296 898 446 930 fratribus
477 899 594 929 nostris
624 899 776 930 absentes
808 903 914 935 erant,
954 903 985 930 et
1016 900 1124 941 plures
1153 910 1195 930 ex
1228 899 1303 937 hiis,
1338 899 1392 940 qui
1427 904 1501 930 tune
1533 899 1681 939 aderant,
1706 912 1769 932 non

123 954 214 982 erant
245 961 367 982 moram
397 951 613 981 continuaturi
645 950 826 988 nobiscum,
857 951 1038 981 huiusmodi
1068 954 1213 982 nostrum
1238 961 1426 993 processum
1450 961 1551 992 usque
1576 952 1615 983 ad
1640 956 1770 984 octavas
1786 962 1884 983 Naxum.

122 1002 306 1034 festivitatis
340 1002 427 1033 beati
459 1001 589 1032 Martini
627 1002 772 1043 proximo
804 1003 908 1033 future
940 1002 1091 1033 duximus
1129 1002 1416 1044 suspendendum,
1450 1003 1654 1044 predicentes
1688 1005 1772 1045 quod

123 1058 243 1086 extunc
267 1055 298 1085 in
323 1054 450 1096 prefato
476 1055 616 1095 negotio,
641 1058 737 1096 prout
762 1055 913 1085 suaderet
938 1056 1070 1088 iustitia,
1096 1055 1274 1097 procedere
1300 1065 1495 1085 curaremus.
1534 1055 1656 1087 Eodem
1675 1057 1772 1098 igitur

124 1105 401 1148 appropinquante
436 1105 587 1137 termino.
620 1105 703 1136 idem
727 1105 915 1137 Manfredus
945 1106 1082 1137 iudicem
1101 1106 1281 1148 Aytardum
1307 1107 1346 1137 de
1363 1106 1507 1138 Venusio
1538 1112 1570 1138 et
1594 1108 1770 1139 Iohannem

46 1173 70 1189 :u
123 1158 162 1189 de
180 1157 364 1188 Brundusio
389 1157 547 1188 notarium
558 1158 579 1195 4,
604 1157 778 1188 familiares
804 1168 890 1193 suos,
915 1158 954 1188 ad
980 1158 1089 1189 sedem
1111 1159 1321 1200 apostolicam
1346 1159 1532 1197 destinavit,
1558 1160 1610 1201 qui
1635 1172 1653 1191 a
1678 1161 1770 1191 nobis

124 1213 156 1241 et
179 1209 331 1252 predictis
355 1209 508 1240 fratribus
533 1220 605 1240 cum
638 1209 791 1240 instantia
822 1210 1002 1251 petierunt.
1033 1213 1067 1240 ut
1099 1221 1171 1241 eum
1206 1210 1290 1242 idem
1316 1211 1504 1242 Manfredus
1536 1215 1601 1242 tam
1633 1212 1767 1243 arduum

123 1265 253 1302 tamque
281 1272 379 1302 grave
412 1272 448 1292 ae
478 1260 600 1301 grande
634 1262 799 1302 negotium
837 1262 997 1302 aliquibus
1034 1263 1235 1293 committere
1265 1263 1384 1293 nuntiis
1415 1274 1473 1293 seu
1504 1264 1767 1304 procuratoribus

124 1324 186 1345 non
211 1313 370 1350 intendat,
403 1316 452 1344 set
476 1313 553 1344 velit
583 1324 638 1354 pro
673 1313 726 1343 illo
752 1314 967 1354 personaliter
998 1318 1107 1344 nostro
1133 1325 1166 1345 se
1192 1315 1378 1356 conspectui
1411 1318 1617 1356 presentare,
1650 1317 1770 1346 securi-

124 1368 224 1396 tatem
249 1365 278 1396 ei
301 1365 477 1406 plenariam
503 1368 535 1396 et
559 1365 721 1396 licentiam
740 1365 889 1397 veniendi
914 1366 953 1397 ad
979 1377 1035 1397 nos
1060 1370 1127 1397 tute
1153 1377 1208 1407 per
1226 1370 1345 1397 terram
1371 1370 1402 1397 et
1428 1366 1608 1398 districtum
1634 1368 1771 1399 ecclesie

47 1432 71 1450 25
125 1418 324 1458 largiremur.

227 1468 294 1499 Nos
319 1472 437 1501 autem,
463 1469 607 1499 volentes
632 1479 730 1510 super
753 1468 825 1501 hiis.
851 1470 1019 1511 presertim
1045 1480 1115 1499 eum
1141 1469 1215 1500 fidei
1240 1470 1404 1510 negotium
1429 1473 1555 1511 agatur,
1585 1471 1772 1512 specialiter

125 1522 155 1551 in
182 1521 240 1551 hac
265 1524 357 1562 parte
382 1531 453 1551 cum
478 1532 517 1551 ea
541 1521 726 1551 maturitate
752 1532 788 1551 ac
813 1522 972 1562 gravitate
998 1521 1190 1562 procedere,
1222 1526 1256 1552 ut
1287 1533 1458 1563 processus
1491 1526 1601 1553 noster
1632 1527 1772 1563 nequeat

124 1573 302 1613 aliquorum
333 1572 550 1603 detractorum
580 1572 739 1603 morsibus
765 1573 815 1603 vel
846 1572 1002 1613 obloquiis
1034 1573 1220 1609 subiacere,
1256 1574 1389 1615 petitam
1424 1575 1634 1605 securitatem
1664 1575 1770 1605 eidem

126 1624 292 1655 Manfredo
318 1624 357 1655 de
381 1625 514 1655 fratrum
534 1628 713 1655 nostrorum
736 1625 869 1655 consilio
895 1624 953 1655 sub
977 1627 1065 1655 certa
1082 1625 1192 1662 forma,
1218 1625 1351 1655 inferius
1371 1629 1535 1663 annotata,
1561 1626 1592 1656 in
1611 1626 1770 1657 veniendo

49 1692 73 1708 κω
127 1676 185 1707 hae
217 1677 283 1707 viee
322 1687 378 1718 pro
409 1676 522 1707 codem
553 1676 681 1717 negotio
717 1680 748 1706 et
773 1676 925 1706 morando
958 1687 995 1707 ae
1020 1687 1077 1718 per
1110 1680 1179 1707 octo
1214 1676 1294 1715 dies,
1331 1677 1361 1707 in
1397 1678 1513 1719 quibus
1548 1678 1636 1709 exire
1671 1679 1772 1720 possit

127 1732 243 1759 terram
276 1728 429 1764 ecclesie,
465 1732 633 1769 postquam
666 1739 684 1758 a
716 1728 808 1758 nobis
842 1729 1002 1758 licentiam
1038 1728 1192 1759 redeundi
1223 1728 1388 1767 habuerit,
1424 1732 1536 1760 tenore
1570 1731 1770 1771 presentium

127 1780 313 1820 elargimur,
345 1780 458 1810 dantes
488 1781 515 1810 ei
546 1780 710 1811 licentiam
737 1784 768 1810 et
798 1780 932 1811 liberam
969 1780 1156 1811 facultatem
1182 1780 1384 1821 ingrediendi
1416 1785 1546 1823 propter
1569 1782 1628 1813 hoe
1653 1786 1771 1813 terram

127 1836 158 1862 et
183 1831 359 1863 districtum
386 1832 523 1863 ecclesie
557 1843 594 1862 ac
619 1836 687 1863 tute
719 1832 757 1862 ad
784 1843 840 1862 nos
866 1843 923 1874 per
948 1836 1065 1863 terram
1090 1836 1121 1863 et
1145 1831 1327 1862 districtum
1360 1833 1540 1864 huiusmodi
1566 1834 1714 1864 veniendi
1741 1838 1772 1865 et

127 1883 284 1914 universis
302 1885 417 1915 nostris
436 1887 468 1915 et
485 1884 585 1926 ipsius
607 1884 744 1915 ecclesie
762 1883 911 1914 fidelibus
924 1884 1058 1915 firmiter
1076 1884 1267 1922 inhibentes,
1286 1895 1325 1915 ne
1343 1885 1458 1926 ipsum,
1477 1896 1548 1916 cum
1567 1886 1771 1928 infrascripto

49 1950 73 1968 35
127 1938 320 1966 armatorum
344 1947 381 1967 ac
406 1947 614 1977 personarum
640 1939 672 1967 et
702 1936 905 1967 evectionum
931 1947 1063 1967 numero
1087 1936 1127 1966 ad
1163 1939 1304 1967 nostram
1329 1938 1524 1978 presentiam
1551 1938 1771 1975 accedentem,

127 1987 158 2018 in
193 1998 332 2029 persona
360 1988 411 2018 vel
435 1988 531 2018 rebus
561 1987 690 2018 turbare
715 1989 766 2019 vel
795 1988 959 2019 offendere
985 1999 1042 2019 seu
1067 1988 1307 2029 quomodolibet
1335 1989 1509 2020 molestare
1535 1993 1589 2020 aut
1613 1991 1770 2032 impedire

127 2043 322 2080 presumant.
358 2040 480 2070 Verum
506 2040 580 2081 quia
605 2040 673 2081 ipse
699 2044 862 2081 tamquam
888 2040 1079 2071 temerarius
1104 2040 1143 2070 ad
1169 2043 1287 2071 terram
1312 2041 1465 2073 ecclesio.
1496 2042 1576 2072 sieut
1601 2042 1770 2073 evidenter

126 2095 259 2132 apparet
283 2091 322 2121 de
354 2091 495 2122 marchia
519 2092 724 2122 Anconitana.
749 2095 780 2122 et
804 2092 965 2122 nonnullis
990 2092 1060 2122 aliis
1086 2092 1179 2122 terris
1203 2092 1244 2122 ad
1269 2093 1440 2123 ecclesiam
1465 2094 1567 2135 ipsam
1593 2095 1769 2135 spectanti-

126 2142 202 2175 bus.
226 2143 384 2173 violentas
410 2154 523 2174 manus
549 2143 705 2181 extendit,
731 2144 876 2174 volumus
902 2144 940 2174 ad
966 2154 1099 2184 presens
1125 2144 1182 2174 hoc
1215 2144 1329 2174 saltem
1361 2144 1455 2175 modo
1485 2145 1575 2175 nobis
1601 2148 1632 2176 ct
1665 2145 1770 2176 eidem

50 2209 75 2226 40
128 2195 265 2225 ecclesie
290 2195 329 2225 ab
355 2195 537 2226 huiusmodi
561 2196 627 2225 suis
653 2196 888 2226 temeritatibus
908 2206 1091 2237 precavere,
1117 2195 1201 2237 quod
1227 2207 1287 2226 non
1314 2196 1343 2226 in
1369 2197 1505 2234 occulto,
1532 2197 1588 2227 sed
1614 2198 1644 2227 in
1670 2197 1769 2228 dilec-

128 2249 232 2277 torum
268 2247 404 2277 filiorum
442 2247 547 2278 fratris
578 2248 731 2278 Gualasei
762 2248 801 2278 de
837 2248 948 2279 ordine
986 2248 1120 2279 fratrum
1151 2248 1309 2278 Minorum
1340 2249 1559 2290 penitentiarii
1598 2252 1630 2280 et
1662 2249 1770 2280 Iacobi

126 2298 282 2340 prepositi
307 2298 550 2330 Ebredunensis
576 2300 735 2341 capellani
760 2303 950 2336 nostrorum,
982 2300 1040 2331 has
1064 2300 1186 2331 litteras
1211 2300 1442 2338 deserentium,
1473 2303 1505 2331 et
1529 2301 1667 2342 plurium
1692 2301 1768 2332 alio-

127 2360 196 2380 rum
220 2351 383 2392 presentia
407 2351 576 2392 corporale
605 2352 818 2382 iuramentum
848 2352 1001 2383 exhibeat
1024 2353 1074 2383 vel
1105 2363 1163 2394 per
1192 2352 1291 2383 alium
1322 2353 1353 2382 in
1383 2353 1521 2383 animam
1553 2363 1643 2383 suam
1674 2353 1771 2383 faciat

127 2401 290 2441 exhiberi,
328 2402 412 2443 quod
443 2403 548 2433 nullos
579 2406 719 2434 armatos
750 2404 921 2445 nullasque
955 2415 1110 2445 personas
1141 2407 1173 2435 et
1198 2404 1381 2435 evectiones
1415 2404 1511 2435 ducet
1540 2415 1599 2435 nee
1628 2405 1770 2446 patietur

50 2467 74 2485 45
126 2453 235 2484 venire
260 2464 370 2485 seeum
399 2454 485 2485 ultra
512 2465 681 2485 numerum
716 2455 971 2497 infrascriptum,
1010 2459 1041 2486 et
1073 2455 1155 2496 quod
1186 2456 1230 2485 sie
1260 2455 1418 2486 veniendo
1450 2456 1500 2486 vel
1531 2456 1684 2487 morando
1716 2459 1771 2487 aut

233 2601 257 2627 1)
277 2599 367 2625 Primo
386 2609 411 2625 u.
428 2603 500 2629 1255,
522 2600 602 2625 Mart.
618 2603 659 2630 ,ὣς
679 2600 784 2626 RFW.
799 2604 878 2631 8⁹66,-
896 2602 926 2633 cf.
942 2607 1012 2627 9191.
1082 2605 1109 2628 2}
1132 2602 1189 2627 [am
1208 2604 1264 2626 tum
1282 2610 1372 2627 rumor
1390 2602 1507 2627 smuvuisse
1527 2602 1630 2627 videtur
1651 2602 1770 2627 Frideri-

127 2650 187 2667 cnm
202 2645 305 2674 patrem
323 2646 345 2667 ct
366 2643 519 2668 Cenandum.
537 2644 647 2674 fratrem
663 2651 712 2676 per
729 2652 787 2669 enm
807 2645 955 2676 interfectos
973 2654 1038 2674 csse,-
1065 2645 1274 2675 Sehirrmacher‚
1304 2644 1410 2671 Friedr.
1426 2645 1467 2677 II,
1486 2648 1501 2670 t.
1517 2645 1566 2677 IV,
1585 2654 1611 2678 p.
1627 2649 1693 2671 4⁵7.-
1721 2645 1770 2670 Dm

127 2686 216 2710 let-*ten
238 2685 362 2710 Hohenst.
377 2689 438 2717 4⁴33,-
459 2686 530 2711 Saba
544 2686 659 2718 Malasp.
674 2695 716 2719 ap.
732 2687 870 2712 alm-atari
888 2691 904 2712 t.
927 2687 1003 2719 VIII,
1017 2696 1041 2720 l'-
1060 2692 1111 2713 sztl.
1187 2690 1212 2713 ,Ἣ
1236 2688 1275 2718 «ff.
1289 2696 1314 2719 μ.
1330 2692 1386 2719 4⁸5,
1409 2691 1459 2713 not.
1476 2692 1495 2713 Ι,
1567 2689 1593 2719 4)
1616 2688 1695 2721 (1pr.
1711 2693 1768 2719 2374,

128 2731 181 2754 not.
198 2732 211 2753 7
228 2731 250 2753 ec
269 2728 331 2754 BF.
346 2733 414 2761 4715,
434 2732 504 2755 4726.

231 2781 293 2806 Em.
308 2781 387 2806 Pom.
403 2783 446 2807 ΙΙΙ.
1531 2783 1564 2807 63
