2106 2979
54 645 78 663 lo

51 1164 76 1182 20

51 1680 75 1697 Bo

53 2198 77 2216 <to

54 2457 77 2475 45

694 83 892 110 EPIS'1¹‹1›LAE
913 83 1100 109 sniis-oms.
1139 85 1212 110 1263.
1707 88 1767 117 5⁶27

130 171 214 202 inter
237 170 310 207 alia,
335 170 420 211 quod
445 171 551 202 illatas
575 171 621 202 eis
646 171 677 201 in
702 182 736 201 se
755 171 806 201 vel
831 170 901 201 aliis
924 170 1056 201 iniurias
1074 170 1294 206 vindicabunt,
1319 174 1351 202 et
1376 172 1402 203 si
1427 183 1538 203 eorum
1563 172 1704 214 aliquem
1722 184 1778 214 pro

129 226 255 264 patrato
281 222 452 253 homicidio
478 233 535 253 seu
560 222 699 263 dampno
723 222 798 252 dato
823 225 878 252 aut
902 222 1019 252 iniuria.
1043 223 1083 253 ab
1109 233 1147 254 eo
1172 222 1242 253 aliis
1268 223 1410 264 irrogata
1435 225 1651 265 pecunialiter
1673 226 1778 267 puniri

131 274 307 315 contingat,
333 274 432 305 ceteri
451 274 482 304 in
501 274 686 304 huiusmodi
711 284 795 315 pena
813 284 896 314 equa
921 273 1127 304 contribuant
1150 274 1311 315 portione,
1336 278 1367 305 ct
1391 276 1476 316 quod
1501 276 1642 318 ipsorum
1660 278 1777 319 aliquis

131 337 202 357 cum
233 325 340 367 aliquo
375 325 413 356 de
444 325 521 359 illis,
554 330 654 366 quos²
677 328 802 366 partem
831 325 1001 355 adversam
1035 335 1092 356 seu
1124 325 1316 356 contrariam
1348 327 1530 365 nominant,
1567 339 1681 369 pacem
1713 341 1776 361 non

131 378 285 409 reformet
314 388 350 408 ac
378 377 631 408 familiaritatem
664 388 727 408 non
760 377 928 408 contrahat
958 387 1015 407 seu
1045 377 1143 408 etiam
1174 378 1390 418 parentelam:
1420 390 1520 420 seque
1552 380 1591 410 ad
1622 381 1775 413 observa-

130 430 249 460 tionem
274 429 561 470 conspirationum,
586 429 828 469 colligationum
847 439 883 459 ac
908 428 1120 459 ordinationis
1139 431 1170 459 et
1188 431 1380 460 statutorum
1406 430 1589 463 huiusmodi
1613 433 1775 465 iuramen-

130 481 169 512 tis
199 480 415 522 interpositis,
451 481 542 522 penis
572 480 708 511 adiectis
745 483 777 510 et
810 480 965 511 confectis
1003 480 1121 511 exinde
1160 481 1385 512 instrumentis
1418 482 1555 523 publicis
1592 486 1776 517 temeritate

129 533 259 574 propria
283 532 468 573 obligarunt
499 532 530 562 in
562 532 688 573 proprie
720 532 835 562 salutis
867 532 1092 573 dispendium,
1124 532 1264 562 civitatis
1293 533 1437 574 predicte
1469 535 1713 567 subversionem
1739 549 1776 568 ac

130 587 275 615 nostrum
300 587 332 615 ot
355 584 481 625 prefate
507 584 645 615 ecclesie
670 584 884 625 preiudicium
909 588 940 614 et
965 587 1196 625 contemptum.
1244 584 1310 615 Nos
1335 585 1442 625 igitur,
1468 587 1673 619 attendentes
1692 589 1775 630 quod

131 639 280 678 pretextu
316 635 613 677 conspirationum,
649 636 890 676 colligationum
925 640 957 666 et
991 636 1126 666 aliorum
1161 635 1380 677 predictorum
1416 648 1479 668 non
1517 639 1620 670 solum
1651 651 1714 680 pax
1745 641 1775 671 in

129 687 259 718 civitate
295 687 440 729 predicta
475 687 664 718 dissolvitur
698 691 746 717 set
780 690 846 718 tam
881 687 911 717 in
947 687 1018 728 ipsa
1054 698 1149 728 quam
1187 688 1284 718 etiam
1319 688 1349 718 in
1379 690 1494 719 ceteris
1528 689 1704 732 Campanie
1739 704 1776 724 ac

128 740 289 771 Maritimc
319 739 466 781 partibus
496 750 558 770 non
583 739 664 770 levis
694 738 817 769 dissidii
849 739 986 769 materia
1014 739 1204 777 suscitatur,
1236 740 1510 781 conspirationes,
1542 743 1776 784 colligationes,

129 792 313 829 societates,
339 791 630 827 confederationes,
660 791 885 821 conventicula
910 794 942 821 ct
967 791 1030 821 alia
1056 790 1212 832 predicta,
1237 802 1440 833 quocumque
1465 794 1594 825 nomine
1619 806 1775 826 censean—

129 848 190 881 tur,
216 844 305 874 irrita
323 847 355 873 et
374 843 482 873 inania
506 846 537 873 ct
562 843 681 873 nullius
699 842 904 874 decernimus
929 843 1071 873 existere
1096 843 1268 880 firmitatis,
1294 847 1325 873 et
1343 854 1382 874 oa
1399 844 1625 876 nichilominus
1644 857 1775 878 revoca-

130 906 217 933 muS,
253 906 437 931 cassamus,
468 905 561 926 cassa
585 898 617 925 ct
642 895 731 925 irrita
755 895 957 931 nuntiamus,
983 906 1019 925 ao
1050 894 1196 936 prefatos
1227 895 1377 932 clericos,
1413 896 1556 935 nobiles,
1594 898 1713 929 milites
1745 903 1778 931 et

129 947 254 989 pedites
279 958 297 978 a
326 947 532 983 iuramentis,
564 946 656 988 penis
681 950 713 977 et
737 946 1002 987 obligationibus,
1034 946 1149 987 quibus
1178 957 1211 977 se
1243 947 1380 977 invicem
1405 947 1513 979 taliter
1543 950 1775 989 astrinxerunt,

128 999 338 1030 absolventes
363 998 507 1037 omnino,
540 1009 576 1029 ea
601 999 709 1029 omnia
734 1009 792 1029 nec
818 1009 879 1028 non
905 1002 937 1029 et
962 999 1174 1029 instrumenta
1199 1008 1296 1039 super
1320 998 1380 1029 hiis
1405 1000 1554 1030 confecta
1571 1001 1776 1033 decernimus

129 1054 160 1082 et
184 1050 412 1081 denuntiamus
438 1050 567 1092 penitus
593 1061 657 1080 non
682 1053 802 1080 tenere.
828 1049 1004 1081 inhibendo
1030 1050 1258 1080 nichilominus
1284 1051 1412 1081 clericis
1437 1051 1496 1082 sub
1522 1052 1711 1093 privationis
1736 1055 1776 1085 ab

129 1103 242 1134 officiis
272 1105 304 1133 et
332 1102 514 1138 boneficiis,
550 1102 712 1133 nobilibus
745 1113 819 1132 vero
850 1102 909 1132 sub
941 1102 1043 1135 mille,
1082 1102 1239 1132 militibus
1275 1113 1401 1143 quoque
1438 1104 1707 1145 quinquentarum
1745 1109 1778 1137 et

130 1154 293 1197 peditibus
318 1154 403 1185 dicte
429 1154 568 1184 civitatis
594 1153 806 1184 ducentarum
832 1154 985 1184 librarum
1011 1154 1279 1184 Proveniensium
1310 1158 1441 1185 senatus
1476 1166 1604 1187 camere
1630 1156 1776 1188 Romane

129 1207 267 1238 ecclesie
292 1205 518 1237 solvendarum
543 1206 647 1247 penis,
673 1217 711 1236 ne
737 1206 879 1247 ipsorum
904 1206 1020 1246 aliquis
1046 1206 1226 1236 huiusmodi
1251 1206 1518 1247 conspirationes,
1544 1208 1777 1249 colligationes,

129 1259 319 1292 societates,
364 1257 645 1288 confederationes
684 1268 741 1288 seu
779 1258 1004 1287 conventicula
1042 1261 1073 1288 et
1112 1258 1174 1287 alia
1211 1258 1384 1288 observare
1421 1262 1476 1289 aut
1516 1260 1691 1291 reformare
1726 1261 1775 1291 vel

128 1310 245 1341 similia
269 1310 395 1347 facere,
429 1321 466 1340 ac
498 1309 732 1340 tabellionibus
764 1310 822 1340 sub
855 1310 951 1340 officii
978 1321 1088 1340 eorum
1114 1310 1309 1351 privatione,
1342 1321 1381 1340 nc
1408 1322 1505 1352 super
1530 1312 1591 1341 illis
1616 1312 1776 1343 conficere

128 1363 167 1393 de
198 1365 307 1393 cetero
338 1365 527 1403 presumant
556 1362 665 1403 aliqua.
693 1362 914 1392 instrumenta.
964 1362 1155 1392 Huiusmodi
1186 1366 1294 1393 autem
1325 1374 1425 1404 penas
1459 1363 1546 1401 illos,
1584 1364 1637 1405 qui
1668 1368 1778 1396 contra

132 1413 315 1445 huiusmodi
340 1417 484 1444 nostram
510 1414 734 1444 inhibitionem
761 1414 870 1444 venire
896 1413 1163 1454 presumpserint.
1189 1414 1352 1444 incurrere
1377 1426 1413 1444 ac
1442 1415 1530 1456 ipsos
1556 1415 1585 1445 in
1611 1427 1666 1446 eas
1691 1427 1776 1447 com-

128 1466 257 1496 mittere
282 1466 429 1496 volumus
461 1466 530 1507 ipso
563 1467 658 1496 facto.
713 1466 873 1500 Quocirca
903 1465 1097 1495 fraternitati
1130 1469 1183 1495 tue
1217 1465 1276 1495 snb
1306 1477 1389 1507 pena
1420 1468 1776 1505 excommunicationis,

129 1528 224 1559 quam
249 1529 286 1549 eo
312 1518 381 1559 ipso
407 1518 568 1555 incurras,
600 1518 625 1547 si
650 1521 837 1559 preceptum
863 1521 1008 1548 nostrum
1034 1518 1063 1547 in
1091 1517 1149 1548 hac
1175 1521 1265 1559 parte
1291 1518 1477 1558 neglexeris
1501 1518 1691 1560 adimplere,
1720 1531 1778 1561 per

129 1570 309 1611 apostolica
349 1570 469 1610 scripta
505 1569 714 1604 mandamus,
755 1570 906 1610 quatinus
942 1570 1029 1600 clero
1066 1573 1098 1599 et
1133 1570 1252 1610 populo
1289 1570 1429 1600 civitatis
1463 1571 1608 1612 predicte
1643 1571 1682 1602 ad
1719 1572 1778 1602 hoc

131 1622 317 1663 specialiter
337 1622 522 1652 convocatis
542 1621 725 1652 huiusmodi
745 1622 995 1657 revocationem,
1017 1621 1243 1658 cassationem,
1261 1622 1504 1659 nuntiationem,
1531 1622 1778 1660 absolutionem,

131 1674 408 1706 constitutionem,
454 1673 746 1709 denuntiationeni,
792 1673 1015 1703 inhibitionem
1056 1677 1087 1703 et
1128 1673 1326 1703 voluntatem
1368 1677 1495 1704 nostras
1534 1685 1704 1716 exponens
1746 1679 1778 1706 et

130 1725 298 1766 publicans
324 1736 429 1755 coram
456 1725 513 1759 eis,
540 1725 674 1755 mandes
700 1725 768 1755 illas
795 1726 824 1755 in
852 1725 982 1755 civitate
1002 1736 1038 1755 ac
1057 1725 1177 1755 diocesi
1204 1725 1398 1765 supradictis
1421 1729 1576 1767 perpetuo
1601 1727 1776 1765 observari,

129 1780 161 1807 et
186 1787 282 1818 snper
307 1777 491 1807 huiusnnjuli
519 1777 732 1818 expositione,
759 1777 977 1818 publicatione
1003 1788 1039 1807 ac
1067 1776 1216 1806 mandato
1242 1777 1305 1807 tuis
1331 1788 1389 1818 per
1413 1777 1560 1808 diversos
1585 1778 1777 1810 tabelliones

129 1829 243 1859 contici
269 1830 368 1859 facias
394 1829 522 1870 publica
548 1829 771 1859 instrumenta.
813 1829 974 1869 Quicquid
1000 1832 1107 1859 autem
1134 1839 1231 1869 super
1256 1829 1423 1869 premissis
1449 1829 1575 1866 feceris,
1602 1830 1694 1861 nobis
1719 1841 1777 1872 per

130 1884 200 1910 tuas
225 1880 350 1911 litteras
376 1881 575 1922 presentium
601 1881 715 1911 seriem
742 1881 944 1911 continentes
962 1881 1100 1910 fideliter
1125 1881 1273 1910 intimare
1299 1891 1462 1921 procures.
1503 1881 1666 1917 Ceterum,
1693 1883 1776 1923 quia,

130 1932 211 1962 sicut
236 1932 426 1964 audivimus,
452 1933 594 1963 nonnulli
621 1933 759 1974 partium
787 1933 923 1967 illarum,
950 1932 1075 1963 nobiles
1100 1936 1131 1962 et
1157 1933 1221 1964 alii,
1247 1943 1309 1962 non
1335 1932 1458 1973 absque
1484 1933 1683 1964 infidelitatis
1703 1938 1777 1965 nota

130 1985 275 2025 relegato
300 1984 464 2015 fidelitatis
483 1984 602 2016 debito,
627 1995 688 2026 quo
716 1985 853 2015 ecclesio
872 1985 1017 2015 Romane
1036 1987 1195 2016 tenentur,
1222 1984 1413 2014 sententiam
1433 1986 1776 2017 excommunicationis

130 2037 161 2066 in
187 2037 330 2067 fautores
356 2040 388 2067 et
411 2037 623 2067 auxiliatores
650 2037 810 2067 Manfredi
835 2036 995 2077 quondam
1029 2037 1183 2078 principis
1208 2036 1375 2066 Tarentini
1402 2047 1458 2077 per
1483 2036 1593 2067 sedem
1619 2039 1775 2078 apostoli—

129 2099 198 2118 cam
231 2088 428 2128 generaliter
463 2089 699 2130 promulgatam
736 2089 899 2119 incurrere
938 2100 997 2119 non
1034 2092 1201 2120 verentes.
1238 2088 1377 2129 pecunia>
1413 2092 1445 2118 et
1480 2089 1551 2119 aliis
1589 2090 1775 2120 muneribus

129 2140 264 2170 diversis
289 2140 329 2171 ab
355 2140 423 2181 ipso
442 2140 609 2171 Manfredo
636 2141 787 2181 receptis,
817 2140 871 2170 illa
896 2141 926 2170 111
952 2141 1197 2171 subversionem
1225 2143 1368 2170 coutrate
1394 2144 1643 2181 presumptuose
1668 2140 1775 2170 distri-

131 2192 230 2222 buere
256 2203 319 2222 non
343 2192 526 2225 formidant,
553 2192 700 2222 volumus
726 2196 757 2222 et
782 2193 983 2233 presentium
1010 2192 1067 2222 tibi
1086 2192 1279 2222 auctoritate
1298 2191 1357 2222 sub
1382 2191 1495 2222 eadem
1513 2192 1775 2223 excommunica-

129 2244 226 2274 tionis
252 2255 334 2285 pena
359 2243 503 2274 districte
529 2244 737 2285 precipiendo
763 2244 965 2280 mandamus,
991 2248 1024 2274 ut
1049 2255 1157 2274 omnes
1184 2244 1266 2273 tales
1292 2243 1504 2284 generaliter,
1530 2247 1562 2274 et
1586 2244 1775 2274 nominatim

129 2295 212 2330 illos,
238 2295 263 2325 si
288 2306 368 2336 quos
393 2296 580 2336 specialiter
604 2296 685 2326 scire
711 2296 831 2337 poteris
858 2296 889 2326 in
915 2296 974 2326 hae
1000 2300 1092 2337 parte
1118 2296 1307 2337 culpabiles,
1333 2306 1390 2336 per
1414 2295 1520 2325 onmia
1544 2295 1624 2333 loca⁷
1649 2296 1680 2326 in
1706 2296 1773 2337 qui-

130 2346 190 2377 bus
216 2347 370 2388 expedire
389 2347 517 2381 videris,
545 2348 842 2378 excommunicatos
867 2348 996 2388 publice
1022 2348 1150 2378 nunties
1174 2350 1206 2378 et
1222 2347 1262 2377 ab
1284 2347 1355 2377 aliis
1372 2346 1471 2377 facias
1489 2347 1638 2382 nuntiari,
1664 2358 1775 2378 eorum

130 2399 272 2433 nomina,
305 2410 401 2440 quos,
433 2402 469 2429 ut
493 2399 683 2440 predicitur,
714 2399 893 2440 culpabiles
918 2400 1062 2435 noveris,
1097 2399 1156 2430 sub
1183 2402 1237 2429 tuo
1262 2399 1367 2439 sigillo
1392 2399 1484 2430 nobis
1509 2399 1649 2430 fideliter
1673 2399 1775 2431 nichi-

130 2451 269 2481 lominus
292 2451 551 2482 transmissurus.

232 2501 307 2533 Dat.
326 2501 411 2543 apud
435 2501 716 2541 Urbemveterem,
742 2503 775 2533 II
793 2503 869 2533 Idus
894 2503 977 2542 Iulii,
1002 2514 1086 2534 anno
1111 2503 1176 2534 Ill.

231 2615 255 2640 a)
275 2616 319 2646 qui
332 2615 362 2639 R.

234 2683 255 2707 lv
279 2682 309 2708 A.
325 2686 394 2714 1263,
416 2683 478 2708 Feb.
497 2688 526 2708 [ιδ’
542 2691 617 2715 papa
637 2683 772 2716 episcopo,
793 2684 909 2716 capitulo
929 2687 951 2710 r!
969 2685 1037 2710 clero
1059 2684 1211 2716 „infrunitos
1231 2683 1354 2711 indulsit,
1381 2691 1413 2708 ne
1432 2683 1581 2713 maidieres
1599 2685 1621 2707 ct
1640 2683 1776 2707 servientes

127 2733 217 2750 eorum
237 2726 265 2750 in
283 2726 339 2755 foro
363 2726 475 2752 civitatis
494 2726 654 2758 Amafinium:
679 2727 884 2752 vonrcne‘rcntm·
910 2735 968 2752 nere
989 2728 1014 2752 in
1035 2727 1116 2752 datiis
1135 2730 1156 2752 ct
1175 2727 1284 2752 collectis
1301 2726 1413 2752 civitatis
1431 2727 1571 2753 &hermu
1598 2726 1657 2752 Lib.
1670 2725 1710 2757 II,
1731 2729 1775 2751 70.-
