2106 2979
39 647 62 664 10

40 906 62 924 15

39 1168 64 1186 20

41 1426 64 1443 25

43 1684 67 1701 30

43 1942 66 1960 35

44 2202 68 2218 ⁴1)

45 2460 68 2478 4⁵

675 80 875 108 Effls‘rotAE
895 79 1087 107 sEanrAE.
1126 82 1198 107 12453
1700 84 1760 113 515

116 174 226 201 contra
249 171 351 212 ipsam
377 170 416 201 ad
441 170 654 212 privationem
680 169 897 210 predictorum
929 168 1019 208 regni
1049 171 1081 198 et
1110 172 1195 198 terre
1226 169 1294 198 sine
1319 169 1424 209 figura
1447 168 1555 199 iudicii
1581 172 1613 199 et
1637 169 1760 210 absque

116 223 201 253 omni
227 223 304 252 iuris
330 222 569 263 solempnitate,
594 223 624 252 in
650 231 851 262 quacumque
876 223 961 250 etate
987 219 1050 249 filia
1075 220 1145 260 ipsa
1170 221 1344 255 consistet,
1370 220 1565 261 procedere,
1597 222 1622 250 si
1647 221 1706 251 hoc
1731 221 1760 250 ei

116 274 277 304 videbitur
300 273 465 315 expedire.

221 324 296 367 [ta]
334 325 436 355 Item¹
465 325 495 354 in
521 334 654 364 reguum
681 327 712 354 et
736 328 855 354 terram
881 322 1060 364 predictam
1084 323 1191 352 nullus
1217 322 1383 358 succedet,
1417 324 1469 364 qni
1499 334 1561 353 non
1594 324 1692 353 fuerit
1721 323 1760 353 de

116 377 261 418 legitimo
286 376 487 406 matrimonio
514 379 712 416 procreatus.

220 426 296 469 [lo]
333 427 438 458 Item²
462 437 597 467 regnum
623 426 730 456 Sicilie
757 436 793 456 ac
826 429 911 456 terra
936 425 1081 466 predicta
1111 426 1245 466 imperio
1280 425 1466 456 nullomodo
1500 426 1679 456 subdentur
1703 437 1761 457 seu

116 480 175 510 sibi
200 480 266 509 ullo
291 489 442 520 umquam
468 483 615 520 tempore
639 478 669 507 in
696 477 810 508 eadem
835 487 973 518 persona
998 477 1242 517 quomodolibet
1266 478 1429 513 unientur,
1461 482 1492 507 et
1517 479 1640 518 precise
1666 488 1763 519 super

116 531 174 561 hoc
201 531 336 561 articulo
361 535 425 560 tam
450 541 508 571 per
532 540 632 571 penas
657 529 843 570 spirituales
874 539 969 569 quam
1001 529 1080 559 alias
1112 529 1280 559 cautiones
1312 529 1479 559 cavebitur
1509 530 1599 559 iuxta
1624 530 1762 560 ecclesie

117 583 323 621 voluntatem,
348 592 419 612 cum
444 591 575 622 prorsus
600 582 787 611 intentionis
813 581 854 610 sit
878 580 1023 610 Romane
1049 581 1204 617 ecclesie,
1233 585 1268 610 ut
1292 591 1426 621 regnum
1452 585 1484 610 et
1507 585 1594 611 terra
1618 580 1763 621 predicta

115 634 202 664 nullo
220 644 371 674 umquam
389 637 534 674 tempore
554 633 689 674 imperio
707 633 868 669 uniantur,
886 636 919 662 ut
936 632 1059 662 scilicet
1076 642 1157 662 unus
1175 631 1394 662 Romanorum
1412 633 1587 673 imperator
1604 636 1635 662 et
1654 632 1762 662 Sicilie

116 695 172 716 rex
197 686 325 715 existat.
373 684 466 720 Quod
490 688 598 714 autem
624 684 710 714 circa
734 684 887 714 unionem
912 684 1055 724 ipsorum
1081 684 1171 724 regni
1194 687 1225 714 et.
1250 688 1335 713 terre
1360 694 1431 713 cum
1456 684 1590 724 imperio
1615 683 1763 719 dicimus,

116 737 175 768 hoc
209 738 312 778 ipsum
348 737 432 766 circa
466 736 618 765 unionem
655 735 829 765 eorundem
861 736 951 775 regni
985 739 1017 765 et.
1046 739 1130 765 terre
1163 746 1233 765 cum
1270 745 1368 775 regno
1400 734 1545 765 Romano
1577 739 1632 764 aut
1662 744 1762 775 regno

115 789 296 819 Theotonie
323 799 381 818 seu
405 798 476 817 cum
504 786 699 817 Lombardia
723 787 773 816 vel
799 786 918 816 Tuscia
943 787 1010 816 sive
1041 797 1112 816 cum
1143 787 1255 816 maiori
1281 790 1373 828 parte
1399 787 1541 827 ipsarum
1567 785 1762 816 Lombardie

116 841 166 871 vel
191 840 309 870 Tuscie
334 839 545 879 intelligimus
570 842 602 868 et
627 839 773 868 volumus
796 849 867 868 esse
891 839 1022 868 dictum.

220 891 296 934 [11]
330 890 444 928 Itemss,
474 891 498 920 si
530 890 600 931 ipse
626 889 675 919 vel
701 890 749 920 sui
774 889 911 919 heredes
941 890 1116 930 predictam
1147 897 1279 925 terram,
1313 900 1374 930 que
1407 890 1588 920 remanebit
1612 889 1762 924 ecclesie„

116 944 167 974 vel
203 944 344 984 aliquam
380 943 448 972 eius
483 947 607 983 partem
645 945 699 971 aut
731 940 943 982 Campaniam
975 941 1023 971 vel
1056 941 1253 971 Maritimam
1284 952 1341 971 seu
1373 941 1495 971 Urbem
1526 942 1576 971 vel
1612 941 1764 971 ducatum

117 995 326 1036 Spoletanum
362 1000 415 1024 aut
446 993 620 1024 marchiam
646 994 883 1023 Anconitanum
915 993 982 1022 sive
1012 993 1240 1033 patrimonium
1270 992 1355 1022 beati
1390 993 1476 1023 Petri
1506 994 1537 1022 in
1562 992 1682 1022 Tuscia
1711 996 1766 1022 aut

116 1048 196 1077 alias
214 1057 433 1087 quascumque
451 1051 554 1076 terras
574 1045 718 1075 Romane
737 1046 897 1075 ecclesie*
914 1044 1051 1075 ubilibet
1074 1045 1266 1074 constitutas
1291 1045 1523 1085 occupaverint
1541 1044 1592 1075 vel
1613 1045 1765 1085 occupari

117 1099 251 1129 fecerint
275 1102 330 1128 aut
355 1108 453 1139 super
477 1097 538 1127 hiis
563 1097 757 1127 offenderint
782 1097 830 1127 vel
865 1097 1109 1127 molestaverint
1132 1096 1304 1126 ecclesiam
1336 1106 1392 1125 seu
1423 1096 1558 1126 fecerint
1589 1096 1764 1131 molestari,

117 1154 149 1181 et
172 1154 343 1191 postquam
370 1160 466 1190 super
491 1149 550 1179 hoc
575 1160 592 1178 a
619 1148 765 1179 Romano
791 1149 939 1189 pontifice
965 1148 1077 1178 moniti
1102 1152 1134 1177 et
1159 1148 1304 1188 requisiti
1331 1148 1467 1183 fuerint,
1501 1149 1551 1178 vel
1574 1148 1599 1177 si
1631 1147 1765 1177 comode

117 1201 238 1232 moneri
263 1205 318 1231 aut
343 1200 459 1241 requiri
485 1201 689 1241 nequiverint
720 1201 810 1230 iuxta
842 1201 943 1241 ipsius
971 1200 1105 1230 Romani
1131 1200 1290 1240 pontiticis
1316 1200 1531 1230 assertionem
1558 1200 1607 1230 vel
1633 1199 1764 1234 dictum,

117 1256 288 1294 postquam
318 1252 357 1282 de
389 1253 446 1282 hoc
479 1253 548 1293 ipse
582 1253 709 1294 publice
742 1264 777 1282 ac
810 1252 1021 1293 solempniter
1051 1264 1104 1281 eos
1130 1252 1304 1286 monuerit,
1337 1252 1420 1281 infra
1449 1257 1515 1282 tres
1541 1262 1670 1281 menses
1699 1261 1762 1280 non

118 1305 314 1335 restituerint
345 1304 468 1344 integre
500 1305 607 1334 omnia
636 1310 806 1345 occupata:
840 1316 877 1333 eo
903 1304 971 1344 ipso
1001 1304 1041 1333 ab
1068 1303 1244 1333 eorundem
1272 1304 1360 1343 regni
1387 1304 1494 1333 Sicilie
1525 1308 1557 1333 et
1588 1308 1672 1333 terre
1698 1304 1766 1332 iure

119 1356 235 1387 cadant
253 1356 404 1393 totaliter,
430 1356 563 1396 ipsaque
584 1367 718 1395 regnum
741 1362 772 1385 ct
794 1360 912 1385 terram
932 1366 1061 1396 prorsus
1085 1355 1244 1385 amittant.
1293 1355 1385 1389 Quod
1405 1356 1430 1384 si
1449 1355 1544 1384 etiam
1564 1354 1767 1385 restituerint

119 1412 287 1448 occupata,
313 1407 539 1438 nichilominus
557 1408 596 1437 ad
623 1409 752 1448 plenum
777 1408 816 1437 dc
834 1408 991 1437 universis
1018 1408 1141 1437 iniuriis
1167 1411 1198 1436 et
1224 1407 1372 1447 dampnis
1398 1407 1495 1436 illatis
1513 1407 1553 1436 ad
1578 1406 1765 1436 mandatum

119 1459 262 1491 eiusdem
287 1459 425 1490 Romani
450 1460 611 1500 pontificis
637 1460 825 1489 satisfacere
851 1464 1032 1490 teneantur.

222 1510 298 1553 [is]
338 1511 416 1541 Item
429 1514 439 1529 ⁵'
462 1512 610 1541 omnibus
629 1512 788 1548 ecclesiis,
814 1517 877 1541 tam
897 1511 1138 1541 cathedralibus
1164 1521 1258 1551 quam
1284 1511 1366 1547 aliis,
1392 1511 1591 1551 regularibus
1617 1514 1649 1539 et
1673 1520 1765 1539 secu-

118 1564 254 1599 laribus,
291 1574 414 1593 necnon
445 1568 477 1594 et
505 1564 652 1593 omnibus
692 1564 824 1605 prelatis
855 1568 886 1593 ct
918 1564 1045 1593 elarius
1080 1575 1117 1593 ac
1153 1564 1310 1593 universis
1346 1563 1493 1604 personis
1524 1562 1765 1596 ecclesiasticis,

119 1616 318 1646 secularibus
344 1620 376 1645 et
401 1616 571 1656 religiosis,
598 1620 630 1645 et
655 1616 854 1656 quibuslibet
879 1616 1041 1656 religionis
1061 1616 1137 1645 loeis
1158 1616 1302 1656 plenarie
1320 1615 1523 1645 dimittentur
1540 1618 1572 1644 et
1591 1614 1765 1644 restituen-

119 1672 169 1698 tur
194 1669 318 1708 integre
344 1668 452 1697 omnia
477 1667 557 1697 bona
584 1678 695 1698 eorum
722 1668 909 1701 immobilia,
936 1679 954 1697 a
980 1667 1235 1708 quibuscumque
1261 1667 1369 1697 ablata
1389 1667 1436 1697 vel
1463 1669 1622 1707 occupata
1647 1666 1710 1695 sint
1735 1669 1767 1695 et

119 1730 177 1761 per
206 1730 425 1760 quoscumque
457 1719 673 1750 detineantur.
720 1719 854 1749 Mobilia
880 1730 972 1754 vero,
1009 1730 1070 1759 que
1101 1724 1213 1749 extant
1244 1723 1275 1749 ct
1307 1722 1457 1760 poterunt
1486 1718 1636 1753 inveniri,
1671 1717 1766 1747 simili

119 1771 211 1801 modo
238 1771 447 1801 restituentur
470 1770 604 1802 eisdem.
651 1770 722 1800 Hec
746 1776 854 1800 autem
881 1771 1039 1801 restitutio
1069 1772 1123 1800 fiet
1154 1771 1276 1810 absque
1308 1769 1563 1800 c‹.›11t1·adictione
1595 1780 1652 1799 seu
1682 1769 1765 1798 disfi-

121 1823 241 1854 eultate
271 1822 431 1863 qualibet.
473 1822 556 1851 sicut
586 1823 792 1852 nanciscetur
816 1822 1034 1863 predictorum
1066 1823 1155 1862 regni
1181 1821 1291 1852 Sicilie
1323 1832 1358 1850 ac
1392 1826 1476 1851 terre
1514 1820 1767 1862 possessionem,

121 1875 180 1905 hoc
205 1874 298 1904 modo
324 1874 448 1903 scilicet
472 1873 554 1914 quod
581 1875 689 1904 statim
715 1874 745 1904 in
772 1874 825 1904 illa
850 1878 940 1914 parte
966 1875 1106 1914 ipsorum
1133 1874 1223 1914 regni
1253 1878 1284 1903 et
1314 1879 1414 1907 terre,
1447 1883 1509 1913 que
1538 1873 1597 1902 sibi
1628 1872 1766 1907 obediet,

121 1927 282 1956 restitutio
311 1926 379 1966 ipsa
411 1926 464 1955 tiet
489 1926 622 1966 ipsaque
648 1926 852 1966 postmodum
885 1925 1124 1955 confirmabitur
1147 1926 1345 1959 successive,
1376 1926 1458 1955 sicut
1489 1925 1601 1955 eadem
1633 1934 1766 1965 regnum

122 1978 328 2008 habebuntur
359 1982 390 2007 et
421 1981 516 2007 terra.
568 1977 617 2007 Ne
647 1982 755 2008 autem
792 1989 889 2019 super
925 1978 984 2007 hiis
1019 1978 1115 2007 rebus
1151 1977 1359 2007 restituendis
1396 1977 1498 2017 ingeri
1531 1977 1632 2017 possit
1661 1976 1769 2016 aliqua

121 2029 305 2065 difficultas,
330 2029 571 2071 deputabuntur
595 2040 613 2059 a
635 2029 778 2059 Romano
804 2031 956 2070 pontiticc
981 2029 1079 2070 aliqui
1107 2030 1164 2059 viri
1189 2028 1330 2064 discreti,
1356 2028 1396 2058 ad
1421 2038 1556 2069 quorum
1583 2027 1767 2058 mandatum

121 2086 153 2111 et
177 2081 343 2111 arbitrium
368 2082 482 2111 iurium
515 2086 547 2111 et
578 2092 683 2111 rerum
715 2082 927 2111 immobilium
958 2085 989 2111 et
1021 2080 1201 2117 mobilium,
1234 2091 1294 2121 que
1320 2084 1445 2113 extant,
1480 2080 1641 2110 restitutio
1674 2080 1768 2120 plena

121 2134 185 2170 fiet,
211 2134 255 2163 ita
279 2133 363 2174 quod
389 2144 436 2168 ea,
462 2133 501 2163 de
526 2143 661 2173 quorum
686 2132 828 2163 dominio
855 2133 904 2163 vel
931 2133 1128 2174 proin-ietate
1154 2143 1210 2162 seu
1236 2133 1448 2172 possessione
1474 2132 1634 2161 notorium
1660 2132 1768 2168 suerit,

122 2185 161 2216 ad
187 2196 295 2215 eorum
321 2184 506 2215 mandatum
532 2188 564 2214 ct
588 2184 754 2214 arbitrium
788 2196 863 2215 mox
889 2184 1074 2215 reddentur.
1122 2184 1157 2214 ln
1182 2184 1287 2213 dubiis
1315 2195 1390 2213 vcro
1417 2194 1472 2224 per
1497 2183 1583 2224 ipsos
1609 2183 1648 2212 de
1674 2183 1769 2223 plano

122 2240 153 2267 et
170 2236 291 2278 absque
304 2236 413 2266 iudicii
432 2237 569 2277 strepitu
584 2237 702 2267 veritas
721 2237 908 2277 diligentius
924 2237 1111 2277 inquiretur.
1137 2237 1285 2266 Sufficiet
1303 2239 1410 2266 autem
1431 2236 1536 2265 vocari
1555 2235 1767 2265 camerarium

122 2289 173 2319 vel
197 2292 440 2330 procuratorem
466 2298 522 2318 seu
548 2288 715 2324 ballivum,
747 2289 778 2318 in
803 2290 892 2319 cuius
924 2288 1144 2319 iurisdictione
1172 2288 1220 2318 vel
1247 2288 1365 2317 balliva
1397 2298 1452 2317 seu
1483 2287 1642 2316 territorio
1675 2287 1769 2320 bona.

122 2340 161 2370 de
179 2340 294 2381 quibus
318 2344 443 2380 agetur,
468 2340 656 2375 consistent,
682 2340 721 2370 ad
749 2340 920 2371 videndum
946 2341 1051 2371 iurare
1077 2344 1188 2376 testes,
1214 2341 1265 2380 qui
1293 2340 1323 2369 iu
1350 2339 1533 2369 huiusmodi
1559 2339 1768 2379 inquisitione

123 2391 296 2433 deponent.

229 2442 304 2485 [19]
342 2443 445 2473 Ite1n⁶
469 2454 580 2474 omnes
604 2444 759 2479 ecclesie,
791 2447 855 2474 tam
881 2444 1084 2475 cathedrales
1110 2454 1203 2484 quam
1230 2443 1309 2479 alie,
1340 2443 1507 2483 regulares
1537 2446 1568 2472 et
1593 2442 1769 2477 seculares,

123 2506 248 2526 necnon
281 2500 313 2525 et
343 2506 454 2526 omnes
483 2495 598 2536 prelati
629 2506 665 2525 ac
695 2496 819 2532 clerici,
856 2500 888 2526 et
917 2497 1071 2526 universe
1100 2506 1237 2536 persone
1271 2494 1511 2530 ecclesiastice,
1542 2494 1707 2524 seculares
1738 2497 1770 2523 et

125 2547 284 2588 religiose,
309 2557 345 2577 ac
370 2557 572 2588 quecumque
596 2547 759 2587 religionis
778 2547 848 2578 loca
866 2559 937 2578 cum
963 2548 1111 2578 omnibus
1130 2547 1220 2577 bonis
1238 2548 1305 2576 suis
1323 2547 1353 2576 in
1372 2546 1598 2583 electionibus,
1624 2545 1768 2586 postula-

228 2685 252 2712 l'>
273 2685 350 2717 (γρ,
366 2688 418 2716 179,
439 2686 454 2715 ἕ
466 2689 498 2710 11.
579 2685 607 2713 ⁶2)
628 2684 669 2716 Cf.
680 2694 708 2718 p.
725 2689 778 2715 178,
797 2687 812 2716 9·
825 2688 846 2710 3,
930 2687 956 2712 3>
980 2686 1020 2717 Cf.
1036 2685 1158 2710 Mtvrtme
1174 2694 1201 2717 1»,
1216 2688 1251 2709 40
1259 2684 1281 2708 A
1301 2682 1378 2716 [ibid.
1394 2683 1475 2708 ‘arlia
1489 2682 1603 2707 (lecimus
1620 2684 1769 2716 quintus-y.

122 2729 149 2762 4)
172 2729 249 2761 L'tssp.
267 2732 319 2759 511,
337 2732 390 2754 not.
405 2732 426 2754 o'.
515 2730 541 2759 5,]
563 2727 603 2759 Cs'.
615 2738 642 2760 Ι),
658 2732 711 2755 178.
729 2732 744 2759 9⁴
760 2732 778 2754 7.
868 2731 893 2759 o)
915 2730 988 2761 (7.1).
1006 2733 1057 2755 175.
1078 2733 1092 2759 9
1104 2733 1118 2754 ὁ
1136 2731 1158 2753 ct
1179 2731 1194 2752 t.
1210 2728 1248 2755 IL
1264 2737 1291 2759 11·
1307 2730 1364 2758 430¹,
1386 2736 1409 2752 a,
1424 2730 1476 2752 613.

1516 2779 1565 2804 65*
