2106 2979
281 94 341 121 658
839 88 886 114 EX
907 88 1108 130 CLEMENTlS
1130 88 1165 113 IV
1180 87 1358 114 REGISTRO

1094 208 1119 239 Ι.

351 283 509 316 Carolo
544 282 634 325 regi
669 281 821 316 Sicilie
856 281 1036 322 illustri,
1070 280 1307 315 Provincie
1341 283 1384 315 et
1418 280 1664 325 Andegavie
1698 280 1856 316 comiti.

384 357 489 388 Nosti.
515 356 557 386 fili
583 356 757 387 carissime,
783 354 867 396 quod
893 355 923 384 in
950 355 1217 385 conventionibus
1242 355 1324 385 inter
1348 355 1560 396 apostolicam
1586 355 1698 386 sedem
1724 359 1756 386 et
1780 359 1810 387 te
1834 355 1925 386 habi-

287 410 326 439 tis
352 409 382 438 in
408 408 581 438 collatione
607 408 696 448 regni
724 407 832 437 Sicilie
859 406 914 436 tibi
939 407 1040 438 faeta.
1077 406 1183 446 quoad
1212 406 1383 436 articulum
1415 406 1455 437 de
1488 407 1745 438 restitutionibus
1770 407 1927 444 eeclesiis,

285 460 429 502 personis
454 459 681 489 ecelesiasticis
708 462 739 489 et
763 459 834 489 aliis
864 457 1039 492 faciendis.
1074 458 1258 488 continetur
1284 458 1369 488 inter
1397 461 1506 489 cetera
1530 458 1667 499 quedam
1697 459 1868 490 conventio
1897 459 1928 489 in

284 512 342 542 hcc
367 511 502 542 verba¹z

385 563 445 593 ‘Ne
460 566 568 593 autem
587 573 682 603 super
698 562 758 592 hiis
778 561 873 592 rebus
893 561 1100 592 restituendis
1119 561 1221 601 ingeri
1243 562 1344 603 possit
1361 561 1469 602 aliqua
1486 562 1669 599 difficultas⁷
1689 562 1930 604 deputabuntur

284 626 302 645 a
326 614 472 644 Romano
496 614 648 654 pontifice
673 613 771 654 aliqui
797 613 853 643 viri
879 613 1026 651 discreti⁷
1059 612 1098 643 ad
1124 623 1258 653 quorum
1284 613 1469 643 mandatum
1495 617 1527 644 et
1555 614 1720 645 arbitrium
1749 613 1866 645 iurium
1898 617 1930 645 et

284 677 387 696 rerum
412 665 622 695 immobilium
647 670 679 695 ct
705 665 869 695 mobilium
895 675 956 705 que
981 668 1094 695 extant
1119 665 1279 695 restitutio
1304 665 1402 706 plena
1426 665 1496 701 fiet,
1530 666 1575 696 ita
1599 665 1684 707 quod
1709 676 1763 705 ea,
1787 666 1826 696 de
1851 676 1928 707 quo-

286 729 352 748 rum
378 717 517 748 dominio
540 718 590 747 vel
616 717 815 758 proprietate
841 727 898 747 seu
924 717 1130 758 possessione
1156 717 1316 746 notorium
1342 716 1448 753 fuerit,
1472 717 1512 747 ad
1536 717 1719 748 huiusmodi
1743 717 1929 748 mandatum

285 773 317 800 ot
341 769 510 799 arbitrium
529 779 602 798 mox
627 768 811 798 reddentur.
860 768 895 798 ln
921 768 1025 798 dubiis
1050 779 1124 798 vero
1150 779 1208 809 per
1232 768 1319 809 ipsos
1345 767 1384 798 de
1409 769 1504 809 plano
1523 769 1645 810 absque
1667 769 1777 800 iudicii
1794 769 1929 810 strepitu

286 822 404 851 veritas
440 821 626 861 diligentius
659 821 847 860 inquiretur.
907 819 1054 850 Sufficiet
1084 824 1192 850 autem
1224 820 1330 850 vocari
1363 821 1576 850 camerarium
1608 820 1659 851 vel
1690 824 1931 862 procuratorem

285 884 341 903 seu
367 873 531 905 ballivum,
557 872 587 901 in
613 872 702 901 cuius
727 871 947 902 iurisdictione
974 872 1023 901 vel
1049 871 1182 908 ballivia
1206 882 1262 902 seu
1288 872 1451 902 territorio
1478 872 1572 908 bona„
1598 872 1638 902 de
1663 872 1780 913 quibus
1805 876 1930 913 agetur,

286 925 473 961 consistent,
498 924 537 954 ad
563 923 735 955 videndum
760 924 865 954 iurare
890 927 1001 957 testes
1028 923 1081 964 qui
1106 924 1137 953 in
1162 923 1343 953 huiusmodi
1369 923 1576 964 inquisitione
1601 922 1785 964 deponent?

389 976 432 1006 Ut
457 977 556 1017 igitur
581 976 764 1006 huiusmodi
791 976 974 1009 conventio,
1007 979 1102 1016 prout
1126 975 1303 1005 communis
1328 975 1451 1005 utilitas
1477 980 1509 1006 et
1533 976 1579 1006 tui
1603 976 1693 1016 regni
1717 976 1932 1017 tranquillitas

287 1029 437 1069 exigunt,
474 1028 681 1062 observetur,
721 1027 931 1057 serenitatem
968 1027 1088 1067 regiam
1121 1036 1307 1060 monemus,
1345 1037 1497 1067 rogamus
1533 1030 1565 1057 et
1600 1027 1765 1057 hortamur
1800 1030 1932 1064 attente,

287 1080 439 1120 quatinus
465 1079 613 1109 omnibus
638 1079 836 1114 cauierariis,
871 1078 1132 1119 procuratoribus
1164 1082 1196 1108 et
1220 1078 1348 1108 ballivis
1378 1079 1458 1114 tuis,
1483 1089 1562 1119 quos
1595 1078 1695 1109 habes
1721 1079 1771 1109 vel
1799 1079 1933 1109 habebis

286 1132 317 1161 in
343 1131 544 1167 civitatibus,
581 1131 694 1161 castris
720 1135 752 1161 ct
776 1131 854 1161 locis
885 1131 956 1160 aliis
988 1130 1079 1170 regni
1112 1129 1277 1167 ciusdem,
1313 1140 1374 1171 que
1404 1131 1467 1160 111111
1499 1131 1561 1160 tuis
1590 1130 1751 1161 mandatis
1781 1130 1935 1161 obediunt

287 1193 389 1223 queve
416 1183 446 1213 in
472 1186 637 1224 posterum
664 1182 795 1213 obedire
821 1183 1001 1222 continget,
1037 1182 1204 1222 iniungaS-
1230 1186 1264 1212 ut
1297 1193 1401 1212 coram
1429 1182 1605 1212 venerabili
1632 1182 1731 1213 fratre
1762 1186 1870 1213 nostro
1895 1208 1901 1213 .
1927 1207 1933 1213 .

287 1235 438 1275 episcopo
463 1235 660 1269 Albancnsi,
693 1235 869 1275 apostolico
895 1234 980 1264 sedis
1006 1234 1131 1274 legato,
1168 1234 1217 1263 cui
1242 1234 1485 1274 inquisitionem
1511 1244 1608 1274 super
1632 1234 1837 1264 restitutione
1860 1245 1933 1276 pre-

287 1286 374 1316 dicta
403 1296 459 1326 per
491 1298 524 1316 se
555 1286 606 1316 vel
635 1297 692 1327 per
722 1286 819 1316 alium
851 1297 907 1316 seu
939 1286 1020 1315 alios
1051 1285 1232 1315 faciendam
1266 1286 1501 1321 comunis-imus,
1539 1290 1570 1315 et
1602 1285 1845 1326 subdelegando
1876 1297 1934 1317 seu

288 1337 541 1377 subdelegandis
566 1337 606 1367 ab
633 1348 686 1373 co,
720 1338 869 1378 quotiens
895 1338 934 1367 ab
960 1337 1074 1367 codem
1100 1337 1253 1378 episcopo
1279 1337 1328 1367 vel
1355 1337 1401 1367 eis
1428 1337 1547 1367 fuerint
1572 1337 1693 1373 vocuti‚
1726 1340 1935 1379 compareant

287 1389 326 1419 ad
351 1388 525 1419 videndum
550 1390 656 1419 iurare
683 1393 794 1420 testes.
821 1400 900 1430 quos
926 1389 956 1418 in
984 1388 1243 1429 inquisitionilnis
1270 1389 1451 1419 huiusmodi
1477 1389 1643 1429 continget
1667 1388 1808 1427 admitti,
1834 1389 1935 1430 quod-

286 1452 347 1481 que
373 1441 613 1482 inquisitoribus
639 1441 714 1482 ipsis
738 1441 970 1478 favorabiliter,
996 1441 1144 1481 quotiens
1170 1441 1318 1481 requisiti
1343 1441 1471 1475 fuerint,
1497 1441 1583 1471 omni
1609 1451 1671 1481 quo
1688 1444 1840 1482 poterunt
1863 1451 1935 1482 pre-

288 1493 366 1523 sidio
390 1493 509 1523 favoris
535 1493 689 1523 assistant
713 1497 745 1522 ct
770 1491 968 1523 restituenda
994 1493 1167 1522 restituant
1192 1492 1283 1522 iuxta
1307 1492 1477 1522 arbitrium
1502 1491 1688 1522 eorundem.

391 1544 466 1574 Dat.
486 1544 621 1574 Perusii.
648 1544 748 1574 Nonis
775 1544 891 1574 Martii,
918 1554 1000 1573 anno
1026 1543 1086 1573 110.

1092 1653 1134 1683 11.

552 1727 760 1770 episcopo
795 1726 1053 1767 Albunmrsi,
1086 1726 1332 1769 ail'iostolice
1367 1727 1485 1760 sedis
1519 1727 1674 1770 legato.

390 1803 426 1832 In
463 1802 733 1832 conventionibus
770 1802 853 1831 inter
887 1801 1099 1842 apostolicam
1136 1801 1246 1832 sedem
1284 1804 1316 1831 et
1359 1801 1561 1831 carissimum
1604 1801 1635 1831 in
1670 1801 1798 1831 Christo
1838 1801 1937 1831 filium

290 1858 434 1885 nostrum
469 1853 502 1884 (l.
534 1864 643 1894 regem
676 1853 785 1884 Sicilie
816 1853 972 1883 illustrem
1005 1853 1123 1883 habitis
1155 1853 1185 1882 in
1217 1852 1388 1882 collatione
1420 1851 1511 1892 regni
1537 1851 1645 1882 Sicilie
1674 1852 1733 1882 sibi
1763 1853 1848 1882 faeta
1876 1855 1936 1883 ete.

291 1910 325 1936 ut
351 1907 380 1936 in
407 1906 565 1947 superiori
589 1906 736 1946 proxima
760 1916 876 1945 usque:
904 1905 1105 1940 observetur,
1130 1908 1160 1934 te
1186 1904 1409 1945 inquisitorem
1436 1903 1611 1944 superbiis
1631 1904 1779 1934 duximus
1797 1904 1936 1934 auetori-

293 1962 358 1988 tatc
382 1959 578 1998 presentium
605 1957 840 1998 dcputamlum,
876 1957 1065 1987 mandantes
1091 1956 1244 1996 quatinus
1269 1955 1453 1986 huiusmodi
1477 1956 1617 1986 officium
1644 1955 1856 1996 inquisitionis
1881 1966 1938 1996 per

297 2014 326 2039 te
353 2010 401 2040 vel
428 2020 484 2050 per
508 2010 603 2039 111111111
629 2012 685 2039 aut
709 2009 803 2043 ulios,
837 2019 915 2049 quos
945 2008 984 2038 ud
1014 2008 1074 2038 hoc
1099 2007 1240 2049 =ydoneos
1271 2019 1344 2038 esse
1369 2008 1547 2048 putaveris.
1573 2007 1746 2048 diligenter
1770 2019 1937 2038 exercens·r

293 2065 408 2095 testes„
441 2061 492 2101 qui
520 2061 550 2090 in
575 2060 854 2101 inquisitionibus„
887 2071 966 2100 quas
999 2063 1029 2090 te
1055 2060 1104 2090 vel
1131 2071 1203 2094 eos,
1234 2059 1350 2100 quibus
1375 2059 1405 2089 id
1431 2059 1646 2095 commiseris,
1677 2059 1782 2089 facere
1808 2063 1938 2100 propter

294 2114 353 2143 hoc
378 2113 562 2151 continget.
586 2111 775 2142 admittendi
800 2112 934 2147 fuerint,
960 2112 1109 2152 recipias,
1141 2111 1290 2152 quotiens
1316 2111 1432 2141 videris
1457 2110 1627 2152 expedire,
1661 2111 1826 2152 ipsosque,
1853 2112 1878 2141 si
1904 2121 1937 2141 se

293 2165 405 2202 gratia.
432 2165 503 2195 odio
529 2165 577 2194 vel
602 2164 715 2194 timore
741 2163 970 2197 subtraxerint,
996 2172 1052 2204 per
1077 2173 1246 2193 censuram
1271 2162 1528 2193 eeclesiasticam
1547 2163 1765 2203 appellatione
1791 2166 1937 2193 cessante

294 2217 470 2256 compellas
502 2216 628 2246 veritati
660 2215 879 2245 testimonium
913 2215 1100 2255 perhibere⁷
1134 2215 1283 2244 invocato
1316 2214 1355 2244 ad
1391 2214 1467 2247 hee,
1502 2214 1527 2244 si
1559 2224 1639 2255 opus
1670 2214 1780 2250 fuerit„
1818 2215 1938 2244 auxilio

295 2268 413 2297 bruchii
435 2267 606 2298 secularis:
633 2266 886 2297 contradictores
905 2270 965 2297 etc.
985 2285 1021 2287 κ
1045 2277 1106 2296 non
1132 2266 1280 2296 obstante
1307 2266 1331 2295 si
1357 2265 1530 2306 aliquibus,
1555 2265 1638 2306 quod
1657 2266 1939 2300 excommunicari,

295 2319 445 2360 suspendi
463 2320 512 2349 vel
538 2319 683 2349 interdici
709 2329 769 2348 non
794 2318 926 2359 possint,
952 2329 969 2347 a
995 2318 1071 2348 sede
1097 2317 1273 2359 apostolica
1297 2318 1337 2347 sit
1362 2317 1531 2350 indultum,
1557 2321 1589 2347 et
1611 2317 1754 2358 qualibet
1772 2317 1834 2348 alia
1852 2317 1937 2348 eius-

296 2371 366 2401 dem
393 2371 478 2401 scdis
504 2370 714 2410 indulgentia,
741 2370 960 2410 cuiuscunque
986 2370 1107 2400 tenoris
1134 2369 1267 2403 existat,
1293 2379 1350 2409 per
1374 2379 1470 2409 quum
1496 2369 1632 2399 effectus
1657 2369 1855 2410 presentium
1880 2369 1937 2399 in]-

296 2421 396 2462 pediri
422 2422 528 2451 voleat
552 2422 603 2451 vel
628 2421 748 2452 dilt'erri
774 2425 806 2452 et
830 2421 869 2452 de
895 2432 957 2462 qua
982 2421 1078 2462 plena
1103 2424 1134 2451 ct
1159 2431 1315 2461 expressa
1339 2431 1396 2451 seu
1421 2420 1460 2451 de
1479 2420 1577 2451 verbo
1602 2420 1643 2451 ad
1667 2420 1800 2452 verbum
1819 2421 1938 2451 mentio

298 2474 325 2502 in
352 2473 466 2502 nostris
492 2473 606 2503 litteris
631 2473 671 2502 sit
696 2472 878 2503 habendffl.

404 2620 423 2642 11
446 2618 485 2648 (¹s'.
501 2627 525 2643 ιι,
542 2622 597 2647 Μή,
618 2621 632 2647 ,φ’
651 2623 682 2643 17,
771 2622 797 2644 21
820 2618 860 2649 (71⁸.
877 2619 928 2643 Del
946 2618 1064 2644 Gladim:
1087 2618 1149 2642 (1111,
1164 2617 1229 2650 dipl.
1243 2620 1260 2642 t.
1277 2618 1315 2645 ΙΙ,
1333 2626 1361 2650 p.
1379 2622 1428 2644 162.
1451 2626 1474 2642 n,
1489 2622 1525 2644 5:2¹.

1984 779 2008 796 10

1987 1037 2009 1054 15

1987 1297 2012 1316 20

1989 1555 2012 1573 25

1990 1967 2014 1985 30

1991 2224 2013 2243 35·

1991 2481 2016 2500 40

2078 143 2081 151 ,
2071 0 2079 103 -,,.-«ι...
