2106 2979
310 107 369 135 70⁴
876 103 919 128 EX
941 101 1144 133 CLEMENTis
1165 101 1201 127 IV
1215 101 1394 127 REGISTRO

308 201 416 221 eorum
442 190 589 220 absentia
607 200 668 220 non
687 190 836 220 obstante
854 207 893 211 ——
911 189 1066 220 mandata
1089 188 1241 219 daremus
1266 191 1298 219 et
1322 191 1434 218 contra
1458 199 1514 219 eos
1539 188 1791 229 procederemus
1815 190 1956 231 gravius.

308 245 404 283 prout
438 241 529 272 nobis
566 241 743 283 expediens
781 240 953 272 videretur.
1014 240 1098 276 Quia
1132 251 1207 271 vero
1241 239 1411 271 memorati
1448 241 1534 271 cives
1573 243 1605 271 et
1640 251 1809 271 commune
1845 240 1954 272 Pisani

309 293 466 323 indultum
500 293 545 323 eis
574 296 609 323 ut
640 293 836 334 premittitur
865 296 897 323 et
928 293 1052 333 lapsum
1078 296 1192 333 postea
1215 294 1343 332 tempus
1369 302 1431 322 non
1457 291 1679 322 emendationi
1705 292 1761 323 sed
1787 293 1953 324 continua-

309 345 383 375 tioni
409 355 536 375 suorum
563 354 765 381 excessuum.
792 345 887 374 immo
913 344 1171 385 multiplicationi
1190 347 1222 374 et
1239 343 1463 384 aggravationi
1487 344 1594 384 potius
1620 344 1826 385 deputarunt.
1852 344 1954 375 dicto-

308 406 369 437 que
400 395 583 426 Conradino
616 396 766 426 faventes
799 406 834 426 ae
871 395 1065 426 adherentes
1101 395 1245 436 apertius
1276 399 1307 425 et
1337 399 1513 425 memorato
1545 396 1612 436 regi
1646 395 1754 427 Sicilie
1785 408 1818 427 se
1850 397 1953 427 mani-

309 448 423 478 festius
449 450 662 488 opponentes.
695 446 864 488 syndicum
890 447 941 477 vel
973 447 1121 488 syndicos
1154 446 1245 476 iuxta
1268 446 1462 487 premissam
1488 446 1620 477 forman]
1646 448 1686 478 ad
1710 452 1854 479 nostram
1880 458 1954 478 con-

308 502 508 540 tempserunt
542 500 737 540 presentiam
773 499 953 529 destinare:
989 509 1047 529 nos
1080 498 1119 529 de
1157 497 1375 540 predictorum
1408 498 1540 528 fratrum
1578 499 1712 530 consilio
1748 502 1955 541 potestatem,

308 551 513 592 capitaneum
543 555 574 581 et
605 551 684 581 alios
709 551 844 581 Pisanos
877 550 1008 581 eosdem
1041 549 1404 582 excommunicationis.
1436 550 1599 581 civitatem
1624 561 1699 582 vero
1730 555 1762 582 et
1787 561 1957 582 commune

309 602 469 643 predictos
494 602 656 633 interdicti
682 602 910 633 denuntiamus
936 603 1115 633 sententias
1141 602 1325 632 incurrisse¹
1374 601 1450 632 Illos
1476 602 1584 637 etiam.
1610 603 1663 644 qui
1682 606 1753 644 post
1777 603 1956 644 predictam

309 656 449 684 nostram
475 653 698 684 inhibitionem
724 655 753 684 iu
780 654 894 685 eadem
920 655 1050 685 civitate
1070 654 1189 684 Pisana
1208 654 1257 684 vel
1285 653 1431 684 districtu
1455 654 1556 695 ipsius
1582 654 1769 695 potestarie.
1795 655 1957 696 capitanie

309 705 358 735 vel
384 705 471 735 aliud
497 705 712 747 quodeunque
738 707 877 737 officium
903 710 1151 747 assumpserunt
1175 709 1230 736 aut
1265 706 1457 736 societatem
1482 706 1624 736 inierunt
1647 716 1719 736 cum
1744 706 1874 737 civitate
1900 717 1958 737 seu

309 757 470 786 communi
496 756 649 798 predictis
674 758 770 798 quive
796 757 937 788 officium
963 762 1107 798 tempore
1141 758 1242 798 ipsius
1268 757 1469 787 inhibitionis
1494 760 1696 798 assumptum
1721 757 1882 789 dimittere
1907 758 1957 788 vel

309 809 497 839 societatem
528 809 636 839 initam
667 820 738 839 cum
770 809 893 839 eisdem
924 809 1103 840 dissolvere
1138 809 1264 850 ipsique
1295 809 1480 839 renuntiare
1511 819 1547 839 ac
1578 809 1708 840 omnino
1740 809 1892 840 recedere
1917 809 1956 840 ab

309 860 421 890 saulem
458 860 539 891 infra
571 864 699 902 tempus
730 861 777 891 eis
810 864 844 891 ut
872 860 1049 902 predicitur
1080 860 1120 890 ad
1152 861 1211 891 hoc
1242 860 1401 901 prefixum
1437 861 1671 891 contumaciter
1702 871 1763 891 non
1794 864 1955 896 curarunt.

309 912 652 942 excommunicationis
671 913 833 942 sententia
850 913 1020 943 innodatos
1047 909 1272 943 denuntiamus
1292 923 1328 942 ac
1346 912 1463 949 01111110,
1488 923 1549 953 que
1568 923 1625 953 per
1642 913 1728 954 ipsos
1746 913 1797 943 vel
1815 913 1956 954 ipsorum

308 963 500 993 auctoritate
525 974 582 993 seu
600 964 774 994 ministra-io
800 965 831 994 in
856 964 973 995 iudicio
992 965 1043 995 vel
1062 968 1154 995 extra
1178 964 1330 994 iudicium
1356 968 1429 1004 post
1453 963 1633 1005 predictum
1660 968 1785 1005 tempus
1810 965 1957 1006 elapsum

309 1018 460 1056 pretextu
497 1015 632 1045 alicuius
664 1016 760 1045 officii
792 1016 860 1046 fieri
891 1027 947 1046 seu
979 1017 1047 1057 geri
1078 1016 1251 1056 eontigerit
1282 1016 1330 1046 vel
1363 1016 1529 1056 continget
1561 1016 1590 1046 in
1624 1020 1803 1057 posterum.
1839 1016 1957 1047 nullius

309 1067 437 1107 penitus
464 1077 536 1097 esse
562 1068 725 1097 momenti.
774 1067 814 1097 Et
837 1068 1063 1098 nichilominus
1095 1072 1158 1098 tam
1193 1068 1223 1098 in
1255 1068 1344 1108 ipsos
1376 1078 1469 1108 quam
1503 1067 1531 1097 in
1564 1067 1726 1108 predictos
1751 1071 1957 1109 potestatem.

309 1118 523 1159 capitaneum.
548 1119 758 1149 consiliarios.
784 1120 938 1150 officiales
964 1124 996 1150 et
1021 1121 1107 1150 cives
1134 1119 1273 1149 civitatis
1298 1118 1441 1160 predicte
1467 1119 1505 1149 de
1531 1130 1614 1150 novo
1640 1130 1681 1150 ex
1706 1119 1828 1150 eisdem
1852 1120 1958 1150 causis

309 1171 430 1200 similes
456 1171 634 1201 sententias
659 1171 910 1212 promulgamus.

415 1221 503 1252 Licet
527 1225 636 1252 autem
662 1223 803 1263 ipsorum
829 1224 1032 1253 contumacia
1050 1226 1082 1253 et
1099 1223 1204 1264 culpis
1223 1223 1432 1263 exigentibus
1457 1223 1636 1253 manifestis
1661 1233 1840 1264 possemus.
1865 1229 1959 1265 prout

309 1273 410 1304 series
429 1274 577 1314 premissi
603 1285 775 1315 processus
801 1275 930 1305 indicat.
956 1279 987 1305 et
1013 1275 1164 1305 mandata
1189 1285 1317 1305 exnunc
1343 1274 1420 1305 dare
1447 1278 1478 1305 et
1503 1275 1634 1315 gravius
1651 1275 1828 1316 procedere
1847 1278 1960 1306 contra

309 1335 375 1357 eos.
402 1335 457 1355 nos
483 1328 602 1356 tamen.
628 1336 689 1356 non
715 1337 831 1366 penam
859 1326 915 1357 sed
941 1327 1079 1357 salutem
1104 1326 1330 1357 desiderantes
1356 1337 1481 1356 eorum.
1508 1327 1768 1357 comminationis
1792 1328 1895 1358 solum
1920 1327 1961 1358 ad

311 1387 445 1417 presens
471 1388 579 1407 areum
605 1377 814 1409 intendimus.
852 1383 886 1408 ut
911 1379 954 1408 sic
982 1379 1113 1409 forsitan
1144 1382 1390 1409 convertantur:
1427 1382 1458 1408 et
1487 1378 1557 1408 ideo
1587 1379 1691 1419 ipsos,
1728 1378 1787 1409 hac
1819 1378 1959 1409 fidelium

312 1427 515 1458 multitudine
541 1433 708 1469 presente.
735 1441 919 1461 monemus.
952 1435 986 1460 ut
1012 1431 1094 1460 infra
1120 1441 1279 1464 mensem.
1305 1441 1400 1471 quem
1426 1430 1472 1461 eis
1498 1440 1554 1470 pro
1580 1431 1796 1472 peremptorio
1822 1431 1959 1461 termino

311 1480 525 1520 assignamus.
552 1481 702 1511 studeant
726 1482 890 1513 humiliter
915 1483 954 1512 ad
979 1486 1089 1513 nostra
1114 1486 1146 1513 et
1171 1482 1309 1513 ecclesie
1336 1481 1487 1512 mandata
1512 1481 1626 1512 redire.
1666 1482 1820 1523 Alioquin
1840 1486 1960 1513 extunc

313 1532 461 1572 pignora.
487 1543 548 1573 que
575 1532 735 1563 dederunt
760 1544 816 1574 pro
842 1534 1003 1564 mandatis
1030 1534 1148 1564 nostris
1174 1538 1206 1564 et
1231 1534 1370 1565 ecclesie
1396 1533 1629 1572 observandis,
1654 1533 1857 1565 decernimus
1881 1534 1959 1564 irre-

312 1584 498 1614 vocabiliter
524 1585 701 1615 retinenda.
748 1585 841 1616 Bona
865 1596 940 1616 vero
967 1586 1108 1627 ipsorum
1133 1585 1265 1616 mobilia
1289 1585 1440 1616 fidelibus
1471 1585 1512 1616 ab
1538 1586 1616 1626 ipsis
1641 1586 1772 1627 impune
1797 1597 1833 1617 ae
1858 1585 1960 1617 libere

312 1635 500 1676 occupanda
540 1640 571 1666 ct
610 1648 766 1678 personas
812 1637 989 1668 eorundem
1029 1638 1146 1668 civium
1187 1638 1268 1668 citra
1308 1638 1418 1668 mortis
1459 1642 1490 1668 et
1529 1637 1741 1668 mutilationis
1781 1638 1959 1679 periculum

313 1691 525 1728 exponentes,
549 1700 603 1718 eos
626 1689 792 1719 universosv
819 1693 849 1720 et
875 1690 1020 1730 singulos
1045 1689 1206 1723 inhabiles
1232 1689 1394 1719 reddimus
1419 1689 1459 1719 ad
1485 1690 1590 1720 officia
1608 1689 1737 1730 publica
1755 1693 1787 1720 et
1804 1689 1958 1723 honores:

313 1743 344 1769 et
379 1743 442 1770 tam
471 1740 556 1781 ipsos
586 1751 680 1781 quam
706 1741 869 1771 civitatem
894 1745 925 1771 ct
950 1752 1119 1771 commune
1151 1741 1312 1782 predictos
1346 1741 1494 1772 omnibus
1528 1741 1723 1782 privilegiis.
1758 1741 1960 1772 libertatibus

313 1796 343 1820 et
368 1792 621 1822 immunitatibus
646 1792 781 1823 ubilibet
806 1793 852 1823 eis
877 1793 1138 1834 competentibus
1164 1793 1314 1834 omnique
1340 1793 1425 1827 iure.
1458 1792 1572 1833 siquod
1602 1793 1681 1834 ipsis
1711 1796 1823 1823 eontra
1856 1793 1959 1823 eccle-

314 1844 403 1874 siam.
430 1854 599 1874 commune
624 1856 660 1874 ac
687 1845 765 1874 alios
784 1844 934 1875 Lucanos
960 1845 1116 1886 competit
1141 1845 1266 1875 ratione
1292 1848 1470 1875 castrorum
1496 1855 1553 1874 seu
1578 1848 1734 1875 terrarum
1753 1845 1804 1875 vel
1827 1845 1858 1874 in
1883 1845 1961 1885 ipsis

314 1895 425 1925 eastris
451 1900 505 1925 aut
530 1896 634 1925 terris.
660 1907 721 1936 que
748 1896 844 1927 iidem
871 1897 1021 1933 ecclesia.
1047 1907 1217 1927 commune
1242 1897 1336 1926 aliive
1354 1895 1478 1926 Lucani
1503 1896 1672 1937 possident
1695 1896 1745 1926 vel
1770 1906 1961 1938 quoeunque

314 1951 457 1988 tempore
485 1947 639 1977 haetenus
663 1948 879 1988 possederunt
895 1949 912 1981 ¹.
938 1948 1143 1979 decernimus
1170 1949 1239 1989 ipso
1265 1950 1349 1978 lacto
1371 1949 1524 1989 privatos.
1565 1949 1745 1979 Statuimus
1764 1948 1902 1989 insuper.
1927 1952 1962 1979 ut

315 1999 371 2029 nisi
406 1998 480 2029 dicti
517 1999 602 2029 cives
639 2004 669 2029 et
701 2010 868 2029 commune
903 2000 1009 2030 l'isani
1046 2001 1129 2030 infra
1159 2004 1285 2041 tempus
1322 2000 1370 2030 eis
1406 1999 1445 2030 ad
1481 1999 1541 2029 hoc
1578 2000 1723 2040 proxime
1759 2000 1960 2041 assignatum

313 2050 352 2080 ad
377 2055 485 2080 nostra
510 2054 541 2080 et
566 2052 703 2081 ecclesie
728 2051 871 2092 predicte
896 2052 1047 2082 mandata
1066 2052 1229 2089 redierint.
1256 2052 1400 2092 captivos
1418 2052 1621 2081 Lucanorum
1641 2055 1673 2082 et
1690 2051 1961 2088 Florentinorum.

315 2112 394 2142 quos
421 2102 540 2132 habent
564 2109 618 2133 aut
644 2103 826 2133 huiusmodi
852 2104 1054 2134 contumacia
1079 2103 1216 2134 durante
1241 2103 1272 2133 in
1296 2104 1439 2133 futurum
1464 2102 1640 2136 habebunt.
1666 2103 1778 2138 libere.
1803 2104 1892 2134 nulla
1916 2104 1962 2134 eis

314 2164 354 2183 ex
379 2154 445 2183 iure
472 2155 590 2194 scripto
618 2155 666 2185 vel
692 2155 924 2185 consuetudine
951 2156 1129 2185 retentione
1155 2158 1369 2196 competente.
1396 2165 1520 2185 necnon
1540 2158 1572 2185 et
1589 2155 1706 2187 omnia.
1731 2165 1793 2195 que
1818 2155 1857 2186 ab
1882 2155 1961 2197 ipsis

315 2206 364 2235 vel
394 2216 449 2246 pro
485 2206 562 2246 ipsis
597 2206 655 2236 sub
686 2207 829 2247 quolibet
860 2208 966 2237 colore
1000 2207 1049 2238 vel
1081 2207 1172 2237 titulo
1201 2211 1398 2247 exegerunt.
1433 2205 1569 2236 reddere
1601 2210 1782 2237 teneantur.
1828 2206 1961 2248 Nosque

315 2256 540 2287 nichilominus
570 2262 681 2288 contra
712 2270 767 2288 cos
800 2263 864 2288 tam
895 2258 934 2288 ad
966 2259 1156 2299 privandum
1183 2258 1335 2289 Pisanani
1366 2258 1537 2289 ecclesiam
1568 2258 1760 2299 pontificalis
1793 2257 1961 2298 dignitatis

316 2308 458 2339 honore²
483 2319 575 2349 quam
601 2310 679 2339 alias
705 2311 834 2350 gravius
862 2311 1074 2351 spiritualiter
1099 2314 1130 2340 et
1156 2311 1394 2351 temporaliter.
1425 2313 1520 2350 prout
1551 2309 1690 2350 qualitas
1721 2310 1798 2339 facti
1823 2310 1962 2340 suaserit

315 2364 346 2389 et
371 2360 525 2400 expedire
551 2360 740 2393 viderimus.
773 2362 995 2402 procedemus.
1042 2362 1210 2393 Predictas
1236 2372 1311 2392 vero
1346 2361 1691 2392 excommunicationis
1716 2363 1768 2391 cle.
1786 2363 1820 2391 ut
1841 2371 1872 2399 l).
1891 2362 1961 2398 699,

315 2410 370 2439 lm.
390 2413 514 2440 13—11)
542 2422 649 2450 usqne:
675 2413 874 2444 relabantur.

418 2462 461 2492 Ut
485 2468 592 2493 autem
618 2463 801 2494 huiusmodi
826 2468 937 2495 noster
963 2476 1133 2506 processus
1158 2469 1219 2495 etc.
1240 2469 1275 2495 ut
1300 2465 1330 2495 in
1356 2465 1450 2495 tertia
1481 2464 1641 2505 superiori
1670 2464 1820 2504 proxima
1843 2475 1960 2505 usque:

316 2513 535 2553 publicabunt.
562 2515 605 2545 ita
630 2516 713 2556 quod
739 2516 834 2546 iidem
861 2517 970 2547 Pisani
997 2521 1028 2547 et
1052 2517 1116 2551 alii.
1142 2527 1220 2557 quos
1247 2527 1417 2557 processus
1442 2517 1511 2557 ipse
1537 2520 1597 2546 etc.
1616 2524 1718 2555 usque
1746 2515 1777 2545 in
1802 2516 1909 2547 finem.

418 2566 534 2595 Actum
567 2567 597 2596 in
630 2568 749 2608 palatio
784 2576 890 2599 nostro
911 2568 1128 2601 Viterbiensi.
1170 2569 1199 2598 in
1236 2568 1286 2599 die
1321 2579 1400 2598 eene
1432 2567 1575 2601 Domini.
1617 2566 1824 2608 pontificatus
1860 2569 1961 2599 nostri

317 2627 399 2647 anno
424 2617 523 2647 1111“’.

422 2747 444 2773 1⁴)
467 2745 506 2776 Cf.
523 2750 576 2771 658.
666 2748 691 2777 2>
710 2748 747 2779 Cf.
761 2748 808 2773 snb
826 2757 851 2773 τι,
868 2752 921 2775 685.

2012 666 2035 683 io

2010 928 2032 946 15

2012 1185 2036 1203 ‘20

2013 1440 2036 1458 ’δὴ

2014 1702 2038 1720 30

2014 1964 2038 1982 35

2015 2221 2039 2239 41)

2014 2482 2038 2500 45
