2106 2979
97 780 120 798 10

94 1040 117 1058 15

91 1302 116 1321 20

91 1560 113 1578 25

89 1822 113 1841 30

86 2080 110 2098 35

84 2338 109 2356 40

82 2599 106 2618 45

744 77 941 105 EPIsTOLAE
960 80 1147 108 SELECTAE.
1186 84 1259 109 1268.
1760 90 1820 120 723

285 251 439 296 Clemens
462 266 486 296 I
489 265 518 294 V
531 276 619 304 papa
647 268 794 306 episcopis
821 269 949 300 Tusciae
980 280 1119 301 caeoossus
1146 272 1321 302 Gom-adini
1348 276 1461 304 narrat
1489 275 1591 313 cisque
1617 275 1759 313 mcmdat,
1790 277 1825 306 ut

174 325 334 354 processus
357 318 464 347 contra
487 327 555 346 ema
578 319 605 345 et
624 316 769 358 fautores
793 320 859 350 osus
883 320 1002 351 habitos
1021 322 1191 362 publicent.
1490 327 1581 363 1268,
1605 327 1687 365 Aua.
1707 328 1735 358 6.

259 375 356 443 VCICem.
372 375 418 400 IV
429 375 490 408 Rey.
511 376 563 401 Vol.
579 376 605 407 I,
632 380 690 404 256:
716 378 774 404 Lib.
792 379 840 410 IV,
858 387 913 405 cnr.
930 384 965 405 17.
1002 381 1158 414 Exemplar,
1180 382 1248 414 quod
1267 382 1353 415 Posse,
1374 384 1388 408 l.
1404 392 1423 409 c.
1439 383 1526 416 edidit,
1547 393 1606 411 eum
1626 386 1744 419 Rcyest'is
1762 394 1822 412 cou-

176 418 237 443 tulit
281 439 284 443 .
323 418 339 443 l.
354 418 474 444 Monaci.
1470 423 1486 439 ᾳ

278 461 365 493 Posse,
386 462 400 486 l.
415 470 434 486 e.
445 470 473 494 p.
488 466 543 494 157,
564 472 589 488 η.
604 468 649 493 ·.)Ῑ;
669 464 770 490 BFW.
787 468 858 491 9927.

427 551 653 588 Universis
689 554 914 599 episcopis
950 566 1026 600 per
1058 557 1260 592 Tusciam
1295 559 1565 595 constitutis.

276 616 402 652 Quam¹
420 628 580 659 perpenso
598 620 742 655 consilio,
768 631 862 661 quain
887 622 969 651 iusto
993 622 1107 653 iudicio
1132 624 1234 653 felicis
1259 625 1491 655 recordationis
1511 625 1719 657 Innocentius
1736 638 1821 668 papa

174 668 384 710 predecessor
408 674 518 700 noster
542 671 701 711 quondam
726 671 928 703 Fridericum
953 674 1027 703 olim
1054 674 1272 705 Romanorum
1298 676 1540 717 imperatorem,
1566 678 1631 707 suis
1657 679 1819 718 exigenti-

172 721 231 751 bus
257 721 358 762 culpis
383 721 568 752 enormibus
593 726 625 752 et
650 724 832 754 manifestis
857 725 1063 762 excessibus.
1090 727 1265 767 imperialis
1290 727 1410 757 honore
1436 729 1507 758 solii
1533 732 1565 758 et
1589 739 1688 769 reguo
1709 730 1819 760 Sicilie

172 772 426 803 incommutabili
452 773 656 804 diffinitione.
681 776 825 813 generali
851 777 987 806 concilio
1013 782 1211 817 congregato
1230 777 1379 819 Lugduni
1405 779 1616 820 approbante.
1642 781 1818 821 apostolice

173 824 251 861 sedi.
276 830 369 865 prout
387 825 557 865 spectabat
583 826 620 856 ad
646 826 758 866 ipsam.
784 827 929 857 ciusdem
955 829 1045 868 regni
1070 829 1280 869 dispositione
1299 835 1436 865 servata,
1462 832 1608 871 privarit:
1635 832 1665 862 in
1691 843 1818 862 omnem

172 880 289 906 terram
319 876 426 906 exisse
451 887 487 906 ac
513 877 543 907 in
569 877 649 907 fines
679 877 765 908 orbis
791 882 876 909 terre
903 879 1063 910 credimus
1098 880 1307 920 divulgatum.
1354 881 1421 912 Nec
1446 883 1550 912 minus
1576 887 1688 923 patere
1714 883 1817 914 credi-

173 938 259 964 mus,
284 928 368 968 quod
393 928 469 958 licet
494 928 576 958 idem
602 928 801 960 Friderirus.
834 931 878 960 sic
905 931 1003 961 iuste.
1031 932 1074 961 sic
1100 936 1215 962 exacta
1239 933 1425 963 maturitate
1450 934 1603 974 predictis
1628 935 1761 976 imperio
1788 940 1819 965 ct

172 989 269 1020 regno
294 980 448 1020 privatus.
476 980 506 1010 in
533 991 591 1010 sua
614 982 795 1021 pertinacia
821 983 983 1012 sententie
1009 983 1198 1023 p1·ivati‹1›nis
1225 983 1408 1014 huiusmodi
1434 995 1547 1025 parere
1573 989 1817 1027 contempnens,

172 1030 285 1061 eadem
311 1031 481 1072 imperium
506 1036 537 1061 et
562 1043 695 1072 regnum
721 1032 896 1063 detinuerit
924 1039 1096 1074 occupata„
1132 1034 1206 1064 licet
1235 1038 1307 1075 post
1332 1036 1437 1076 ipsum
1462 1036 1622 1077 quondam
1648 1037 1817 1068 Conradus

170 1086 264 1112 natus
294 1083 396 1123 ipsius
427 1087 458 1113 et
490 1083 618 1113 deinum
644 1084 718 1113 olim
744 1084 948 1117 Maufredus,
980 1085 1123 1115 eiusdem
1149 1086 1199 1115 Fr.
1221 1090 1256 1116 ut
1285 1086 1401 1116 dicitur
1433 1087 1531 1125 filius.
1568 1087 1651 1118 idem
1682 1099 1817 1128 regnum

171 1134 413 1175 presumptione
440 1135 611 1165 temeraria
634 1136 833 1176 ‹⁷›treiipm-i11t,
860 1147 916 1166 nos
942 1140 1048 1166 tamen
1067 1138 1286 1178 oportunitate
1306 1141 1446 1178 captata,
1472 1142 1642 1169 tractatum
1662 1139 1700 1170 de
1719 1151 1816 1180 regno

170 1185 315 1226 predicto
347 1196 403 1227 per
432 1186 535 1217 felicis
566 1187 798 1217 recordationis
828 1187 996 1218 Urbanum
1029 1199 1145 1229 papam
1178 1189 1444 1229 predecessorem
1477 1195 1621 1220 nostrum
1654 1192 1816 1232 inceptum

170 1236 209 1268 de
233 1237 366 1267 fratrum
393 1242 574 1268 nostrorum
600 1239 734 1268 consilio
767 1243 1012 1280 prosequentes,
1043 1250 1177 1280 regnum
1212 1240 1315 1281 ipsum
1349 1241 1514 1271 carissimo
1541 1242 1571 1272 in
1598 1241 1726 1273 Christo
1751 1243 1816 1273 filio

169 1291 278 1319 nostro
304 1288 420 1319 Carolo
447 1290 555 1320 Sicilie
587 1291 654 1330 regi
686 1290 799 1320 illustri
826 1291 884 1321 sub
916 1291 1011 1321 certis
1044 1291 1289 1322 condicionibus
1314 1295 1379 1322 tam
1409 1293 1546 1323 ecclesie
1577 1304 1672 1334 quam
1704 1294 1816 1324 incolis

168 1341 259 1381 regni
284 1341 428 1371 eiusdem
454 1341 638 1372 accomodis
663 1341 815 1372 duximus
841 1342 1093 1374 concedendum.
1141 1343 1201 1378 Qui
1227 1343 1334 1373 divino
1365 1344 1466 1374 fretus
1498 1345 1635 1382 auxilio,
1667 1345 1816 1376 celeriter

168 1391 207 1423 de
241 1392 325 1423 dicto
360 1392 526 1423 Manfrcdo
559 1394 779 1434 triumphans.
817 1405 952 1434 regnum
989 1395 1093 1435 ipsum
1128 1406 1190 1424 non
1225 1395 1327 1425 solum
1366 1396 1506 1425 feliciter
1539 1396 1595 1426 sed
1628 1397 1816 1426 mirabiliter

166 1444 346 1485 acquisivit.
408 1444 489 1479 Quia
523 1456 598 1475 vero
632 1445 835 1475 ‹jum-adinus
869 1447 1034 1476 memorati
1068 1446 1207 1476 Conradi
1239 1447 1336 1479 filius.
1377 1457 1569 1488 ‹piamquam
1607 1448 1635 1477 ci
1672 1459 1713 1478 ex
1743 1458 1814 1489 pre-

167 1497 275 1526 missis
301 1500 414 1537 aperte
441 1497 564 1537 liquere
590 1497 724 1528 debeat.
759 1497 841 1537 quod
866 1497 896 1527 in
924 1508 1021 1537 regno
1053 1497 1197 1538 predicto
1223 1508 1281 1528 nec
1307 1498 1382 1528 iuris
1414 1498 1550 1528 alicuius
1576 1499 1715 1529 colorem
1741 1510 1813 1540 pre·

167 1547 300 1578 tendere
333 1559 391 1578 nec
422 1549 470 1578 ius
501 1549 561 1578 sibi
592 1549 695 1589 possit
726 1549 855 1589 aliquod
887 1549 1072 1583 vendicare,
1110 1553 1232 1586 tamen⁷
1269 1559 1329 1590 que
1367 1553 1431 1579 tam
1464 1554 1659 1580 memoratus
1695 1550 1811 1591 prede-

167 1610 276 1630 cessor
300 1600 508 1631 Innocentius
533 1600 573 1630 dc
598 1600 777 1640 privatione
803 1610 897 1640 quam
923 1611 981 1630 nos
1007 1600 1045 1630 de
1076 1601 1300 1630 concesssione
1331 1601 1515 1631 huiusmodi
1548 1601 1692 1632 eiusdem
1720 1602 1811 1641 regui

166 1650 400 1682 deliberatione
436 1651 570 1692 provida
605 1651 720 1681 fecisse
755 1651 965 1687 dinoscimur„
1003 1652 1178 1692 infringere
1213 1663 1294 1682 ausu
1330 1652 1501 1682 temerario
1536 1656 1704 1693 satagenS,
1739 1663 1811 1693 pre-

168 1702 287 1733 dictum
311 1714 444 1744 regnum
482 1703 541 1734 sibi
582 1707 734 1744 tanquam
778 1704 942 1744 proprium
988 1703 1191 1739 intitulabat,
1242 1714 1296 1744 pro
1335 1704 1435 1744 ipsius
1475 1714 1509 1734 se
1548 1714 1624 1744 rege
1668 1703 1812 1744 gerebat,

167 1754 336 1785 scribendo
365 1759 396 1785 ct
425 1754 620 1786 nominando
649 1767 682 1785 se
712 1765 821 1795 regem
847 1755 972 1790 Sicilie.
1005 1754 1227 1785 distribuendo
1253 1759 1284 1785 et
1314 1754 1520 1785 concedendo
1545 1756 1635 1796 regni
1667 1755 1811 1786 eiusdem

166 1805 303 1843 officia²‚
329 1807 433 1837 varias
459 1807 686 1837 concessiones
710 1806 858 1837 faciendo
885 1807 915 1836 in
940 1807 1008 1847 ipso
1034 1810 1065 1837 et
1090 1807 1249 1837 nonnullis
1275 1806 1306 1836 in
1332 1816 1368 1836 eo
1394 1807 1562 1847 privilegia
1590 1807 1811 1841 concedend0;

165 1858 241 1889 item
267 1859 341 1899 quia
370 1869 441 1890 cum
473 1859 633 1899 aliquibus
664 1859 800 1888 inimicis
832 1858 985 1893 ecclesie.
1018 1857 1223 1893 Lombardis.
1258 1857 1451 1888 Marchianis
1477 1861 1509 1888 et
1532 1858 1661 1898 Apulis.
1694 1859 1811 1888 illicitis

165 1911 365 1940 commerciis
398 1921 432 1941 se
462 1910 647 1940 immiscens
673 1914 704 1940 et
730 1909 882 1940 scelestas
912 1910 1015 1939 iniens
1046 1910 1215 1945 factioneS.
1249 1909 1378 1939 turbare
1402 1920 1515 1949 pacem
1546 1910 1684 1940 ecclesie
1713 1920 1750 1940 ac
1779 1911 1809 1940 in

163 1965 325 1998 nostrum,
365 1962 500 1992 ecclesie
540 1962 641 2003 ipsius
681 1965 711 1991 et
751 1962 917 1991 memorati
958 1961 1043 2001 regis
1085 1960 1296 2002 preiudicium
1332 1964 1364 1991 ct
1398 1960 1569 1991 discrimen
1608 1971 1810 1991 commovere

164 2013 315 2054 populum
352 2013 530 2047 nitebatur.
566 2013 773 2054 quamplures
808 2013 1002 2047 sollicitans,
1038 2013 1156 2042 multos
1190 2012 1358 2053 promissis
1393 2012 1539 2042 alliciens
1572 2016 1603 2042 et
1638 2013 1809 2043 nonnullos

163 2065 430 2096 concessionibus
461 2065 596 2096 (liversis
627 2065 799 2095 inducens:
838 2065 913 2095 item
945 2065 1018 2105 quia
1050 2074 1106 2094 sue
1141 2063 1390 2105 presumptionis
1427 2063 1583 2093 ambitum
1613 2063 1652 2094 ad
1683 2064 1808 2104 imperii

163 2115 301 2146 Romani
327 2117 453 2147 culmen
479 2117 672 2148 extendens.
705 2116 852 2146 obtinere
877 2116 961 2146 idem
991 2115 1159 2157 imperium
1191 2115 1353 2145 nitebatur
1365 2115 1386 2151 ²³,
1420 2125 1516 2155 super
1540 2125 1602 2155 quo
1628 2115 1707 2145 adeo
1734 2126 1806 2156 pro-

164 2167 261 2198 cessit
280 2178 336 2198 sue
353 2168 607 2209 presumptionis
632 2168 809 2201 temeritas,
835 2167 918 2208 quod
944 2178 1018 2197 suos
1044 2167 1074 2196 in
1093 2166 1211 2197 Tuscia
1236 2166 1372 2196 vicarios
1399 2166 1592 2196 ordinavit&
1620 2166 1808 2207 frequenter

162 2219 266 2260 ipsum
300 2219 426 2261 publice
459 2231 495 2250 ac
530 2220 754 2260 sollempniter
787 2219 826 2249 dc
863 2219 995 2248 fratrum
1028 2222 1209 2248 nostrorum
1247 2218 1380 2247 consilio
1413 2218 1595 2247 monuimus
1630 2217 1688 2248 sub
1724 2227 1807 2258 pena

162 2271 518 2304 excommunicationis,
542 2281 649 2311 quam.
676 2271 701 2300 si
728 2281 821 2300 secus
847 2270 978 2303 faceret,
1004 2273 1123 2300 extunc
1148 2269 1279 2298 tulimus
1304 2269 1335 2298 iu
1361 2267 1516 2299 eundem.
1542 2272 1576 2298 ut
1599 2279 1617 2298 a
1642 2269 1806 2309 premissis

162 2322 290 2362 penitus
315 2322 493 2353 abstineret
517 2333 575 2352 nec
602 2322 719 2352 similia
743 2322 810 2351 ullo
837 2332 977 2362 unquam
1004 2326 1149 2361 tempore
1175 2323 1395 2360 attemptaret.

264 2374 347 2405 Item
371 2375 538 2405 citavimus
563 2384 646 2411 eum,
672 2378 706 2404 ut
729 2373 810 2403 infra
835 2376 957 2406 certum
983 2373 1165 2409 terminum,
1191 2382 1284 2412 quem
1309 2371 1367 2401 sibi
1385 2371 1637 2412 peremptorium
1655 2371 1805 2401 duximus

161 2425 409 2466 assignandum,
442 2436 499 2466 per
523 2436 557 2455 se
582 2425 633 2456 vel
658 2436 716 2466 per
740 2429 982 2465 procuratorem
1006 2424 1168 2464 ydoneum
1194 2422 1371 2463 apostolico
1397 2432 1431 2452 se
1457 2423 1645 2462 conspectui
1669 2433 1804 2464 presen-

160 2480 259 2513 taret,
290 2487 504 2518 responsurus
530 2487 628 2518 super
652 2477 745 2506 dictis
780 2476 971 2506 excessibus
998 2479 1029 2506 et
1052 2475 1171 2505 nostris
1197 2485 1232 2504 ac
1258 2473 1404 2503 eiusdem
1430 2474 1567 2504 ecclesie
1592 2474 1801 2514 beneplacitis

162 2529 337 2569 pariturus:
372 2529 514 2568 alioquin
550 2532 668 2558 extunc
705 2527 954 2568 procederemus
990 2527 1119 2567 gravius
1155 2529 1266 2555 contra
1303 2535 1389 2559 eum.
1426 2525 1526 2565 ipsius
1563 2525 1710 2555 absentia
1743 2536 1802 2554 non

161 2580 311 2611 obstante
321 2580 342 2611 ⁵.

263 2708 287 2737 l)
308 2706 348 2738 Cf.
364 2716 388 2732 n.
402 2710 454 2733 657.
542 2708 568 2737 2)
589 2706 628 2738 Cf.
639 2715 667 2739 p.
680 2710 736 2731 674.
823 2707 849 2735 3)
873 2705 911 2736 Cf.
926 2714 951 2730 η.
967 2708 1021 2730 (Ιᾶΐ.
1110 2705 1135 2731 4)
1158 2703 1202 2735 Of.
1213 2711 1241 2736 Ρ.
1257 2706 1311 2729 674.
1402 2705 1429 2736 5)
1452 2702 1492 2736 Cf.
1507 2711 1532 2735 p.
1548 2706 1603 2728 674.

1551 2755 1598 2780 91*
