2106 2979
75 690 97 707 lu

74 945 95 963 15

71 1208 96 1227 ‘20

71 1726 95 1743 31]

87 2438 108 2455 {o

87 2739 109 2756 ⁴5

720 97 921 124 EPISTOLAE
941 98 1130 125 sEtEcTAE.
1168 100 1241 126 1252.
1742 104 1799 134 481

507 233 515 240 .
537 204 755 240 ‚illustri
784 204 883 249 regi
913 205 1122 242 Castelle
1151 217 1199 241 ac
1226 206 1460 251 Legionis.

263 270 441 301 Cesserunt
466 270 558 301 nobis
582 270 622 301 ad
647 270 756 311 gaudii
780 273 812 300 et
836 270 1046 301 exultationis
1077 271 1178 301 multe
1203 272 1373 303 materiam
1399 284 1446 306 ea,
1471 284 1532 314 que
1558 274 1696 305 dilectus
1722 275 1804 305 tilius

157 322 311 363 magister
328 321 446 353 Recl.³¹
472 322 616 352 notarius
640 326 723 356 tuusq
748 333 766 352 a
791 326 822 352 te
847 333 903 363 pro
927 322 1053 363 imperii
1078 322 1214 353 Romani
1238 324 1368 364 negotio
1393 324 1433 355 ad
1458 325 1567 355 sedem
1593 326 1804 367 apostolicam

156 373 353 411 destinatus,
386 374 433 404 vir
464 374 575 414 utique
605 373 781 404 industrius
807 376 839 404 et
864 373 1010 404 sedulus.
1048 374 1092 404 tui
1117 374 1238 405 zelator
1262 375 1405 413 honoris,
1437 376 1477 406 ad
1501 377 1546 407 tui
1571 377 1804 408 exaltationem

156 425 292 456 nominis
325 427 357 455 et
388 425 617 466 magnitudinis
649 427 703 455 tue
735 424 864 455 laudem
893 425 1062 466 proposuit
1095 425 1126 455 in
1156 428 1267 456 nostra
1292 430 1323 457 et
1354 427 1489 458 fratrum
1519 432 1701 459 nostrorum
1730 440 1804 470 pre-

159 476 263 507 sentia
288 476 490 507 constitutus.
526 476 616 507 Inter
638 476 701 506 alia
726 486 863 517 namque
888 476 998 506 inclita
1016 476 1215 508 celsitudinis
1240 478 1328 518 regie
1353 489 1389 508 ac
1414 482 1540 510 tuorum
1567 481 1804 521 progenitorum

159 528 284 566 merita,
309 538 371 568 que
389 527 525 558 facunde
543 527 707 558 recensuit
730 531 761 558 et
778 527 926 565 feeunde⁷
951 527 1126 569 prudenter
1151 528 1303 570 exposuit
1319 532 1350 560 te
1369 529 1572 561 devotionem
1598 531 1755 562 sinceram
1774 535 1806 562 et

158 579 367 610 intentionem
407 589 519 620 puram
557 589 634 619 erga
669 578 774 609 Deum
813 582 845 609 et
878 578 1059 609 Romanam
1100 580 1272 611 ecclesiam
1309 584 1445 612 matrem
1480 585 1568 612 tuam
1604 583 1805 613 int-essanter

159 630 311 661 habuisse
336 630 493 661 hactenus
519 634 550 661 et
574 633 762 660 constanter
786 630 903 661 habere
928 631 1011 661 velle
1036 631 1200 662 indefesso
1225 633 1387 673 proposito
1413 632 1443 662 in
1469 633 1624 666 futurum.
1656 633 1804 675 quodque

159 682 291 713 intentis
327 681 440 712 studiis
473 682 573 723 ipsius
606 681 743 712 ecclesie
778 682 913 713 comoda
949 684 1100 723 prosequi
1131 683 1237 714 votive
1274 683 1441 715 desideras
1474 685 1607 726 eiusque
1643 686 1807 716 lmmiliter

158 744 272 775 parere
298 733 510 775 beneplacitis
535 736 567 764 et
592 733 734 764 consiliis
758 733 893 764 firmiter
917 733 1075 765 adherere
1105 736 1272 776 proponis,
1302 736 1388 766 eirea
1412 736 1495 777 quod
1527 740 1615 767 tuum
1644 737 1806 768 laudabile

158 785 355 826 propositum
381 788 413 815 et
437 785 558 825 regiam
582 785 787 826 prudentiam
814 785 918 826 dignis
942 785 973 815 in
999 785 1137 817 Domino
1163 786 1311 817 laudibus
1337 787 1549 824 extollentes„
1582 788 1722 819 divinam
1747 789 1803 818 im-

157 836 322 877 ploramus
347 837 562 873 clementiam,
586 840 621 867 ut
640 837 703 874 1110,
729 837 759 867 111
781 837 872 867 euius
896 848 991 867 manu
1018 848 1128 878 regum
1155 837 1249 868 corda
1273 839 1453 869 consistunt
1475 843 1506 869 et
1532 840 1587 870 ubi
1608 841 1743 871 voluerit
1767 851 1806 870 ea

157 899 214 929 pro
240 888 445 929 beneplacito
472 899 528 919 sne
554 889 728 919 voluntatis
753 888 904 919 inclinat.
937 889 1146 920 serenitatem
1170 892 1258 920 tuam
1288 890 1318 920 in
1347 890 1407 921 hoc
1432 890 1546 922 ardore
1571 891 1660 926 fidei,
1692 892 1721 922 in
1746 891 1806 922 hae

157 939 328 970 devotione
347 940 473 978 mentis,
497 940 528 969 in
546 940 606 970 hoc
626 940 750 980 integre
768 939 934 980 religionis
952 940 1057 970 studio
1076 941 1106 971 in
1124 944 1270 982 tempora
1287 941 1433 982 longiora
1449 953 1654 979 conservans,
1678 942 1805 973 virtuti-

158 991 217 1021 bus
241 993 304 1022 tuis
329 1002 458 1033 semper
481 990 599 1021 adiciat
624 995 655 1021 et
680 992 768 1032 ipsas
800 992 992 1022 successivis
1018 991 1181 1033 adaugeat
1205 993 1424 1025 incrementis.
1471 993 1564 1024 Licet
1588 998 1697 1025 autem
1722 993 1806 1025 idem

157 1042 321 1084 magister⁷
347 1043 484 1073 comisse
511 1043 573 1073 sibi
597 1043 768 1083 legationis
794 1043 898 1073 fidelis
923 1047 955 1074 et
980 1043 1117 1084 diligens
1142 1048 1349 1085 prosecutor,
1374 1045 1459 1076 inter
1483 1050 1607 1083 cetera7
1637 1056 1698 1087 quc
1723 1046 1808 1076 cirea

158 1094 283 1135 imperii
312 1093 449 1135 predicti
484 1094 648 1135 negotium
676 1095 781 1136 petiit.
819 1095 1000 1136 postularet
1033 1096 1193 1126 instanter
1225 1100 1256 1126 te
1287 1107 1345 1137 per
1380 1107 1438 1127 nos
1473 1097 1513 1128 ad
1548 1098 1650 1138 ipsius
1681 1097 1806 1138 imperii

158 1146 323 1187 fastigium
349 1146 485 1184 evocari,
510 1157 661 1177 eoronam
687 1146 832 1177 eiusdem
857 1147 896 1177 de
920 1148 1038 1177 nostris
1056 1147 1205 1178 manibus
1230 1152 1466 1190 suscepturum
1490 1159 1613 1190 nosque
1638 1159 1807 1190 personam

156 1201 245 1228 tuam
275 1197 420 1239 potentia
443 1202 475 1228 et
503 1197 768 1239 magnanimitate
798 1198 967 1229 sublimem
1001 1198 1135 1229 sinceris
1164 1199 1334 1230 affectibus
1366 1210 1615 1241 prosequamur:
1646 1211 1685 1231 ex
1711 1200 1807 1231 officii

156 1254 265 1280 tamen
282 1249 390 1281 debito
408 1249 525 1280 libram
543 1250 664 1280 iustitie
688 1253 858 1291 gestantes
883 1250 914 1280 in
934 1249 1079 1285 dextera,
1105 1251 1205 1292 ipsius
1231 1251 1372 1282 iussibus
1390 1255 1465 1282 vota
1488 1255 1598 1282 nostra
1622 1252 1808 1292 subicimus,

155 1301 259 1342 ipsam
293 1302 419 1332 illesam
448 1312 577 1332 servare
612 1301 789 1333 studemus.
836 1301 877 1332 Et
907 1301 993 1339 ideo,
1024 1301 1140 1333 dilecte
1173 1303 1237 1333 tilio
1267 1303 1365 1333 nobili
1396 1304 1464 1334 viro
1494 1303 1652 1334 Riecardo
1691 1303 1807 1333 comite

159 1353 322 1385 Cornubie
355 1363 452 1394 super
489 1353 671 1383 huiusmodi
703 1353 832 1394 negotio
863 1353 987 1394 imperii
1017 1354 1064 1384 ius
1094 1365 1186 1384 suum
1215 1358 1248 1384 ut
1278 1355 1394 1384 asserit
1426 1358 1642 1396 prosequente
1675 1366 1712 1386 ac
1742 1355 1807 1385 suis

159 1405 279 1436 nuntiis
305 1415 401 1446 super
425 1404 538 1435 eodem
565 1405 664 1435 multa
689 1416 796 1435 coram
828 1405 920 1435 nobis
945 1410 976 1435 et
1001 1405 1124 1436 eisdem
1149 1406 1302 1436 fratribus
1328 1407 1446 1437 nostris
1470 1407 1725 1448 proponentibus
1751 1418 1807 1448 pro

159 1460 248 1498 parte
272 1457 385 1499 ipsius,
410 1457 544 1488 moleste
570 1457 653 1487 ferre
679 1457 770 1497 regia
799 1456 1017 1487 mansuetudo
1044 1468 1104 1487 non
1129 1457 1242 1491 debet«
1276 1458 1317 1489 si.
1350 1458 1445 1488 rebus
1474 1458 1519 1488 sie
1545 1469 1579 1489 se
1604 1458 1808 1491 habentibus,

158 1509 241 1539 votis
272 1508 416 1539 eiusdem
447 1509 593 1549 magistri
623 1507 663 1539 ad
694 1519 827 1549 presens
859 1508 1065 1539 annuendum
1096 1520 1159 1539 0011
1190 1509 1341 1540 duximus
1372 1510 1401 1540 in
1427 1510 1485 1540 hac
1511 1514 1611 1551 parte,
1637 1510 1807 1551 presertim

158 1571 229 1590 cum
254 1563 318 1590 tam
344 1560 389 1591 tui
415 1570 510 1601 quam
528 1560 643 1601 prefati
667 1560 793 1590 comitis
818 1560 921 1590 nuntii
945 1560 1029 1601 apud
1055 1560 1166 1591 sedem
1191 1561 1401 1602 apostolicam
1418 1561 1581 1592 constituti
1607 1573 1641 1592 se
1667 1561 1751 1591 nolle
1776 1561 1807 1591 111

156 1611 215 1642 1100
241 1611 340 1653 ipsius
366 1611 451 1643 sedis
478 1611 585 1642 subire
611 1611 764 1641 iudicium
790 1611 975 1652 frequenter
999 1611 1150 1642 duxerint
1174 1613 1428 1654 proponendum.
1471 1612 1624 1643 Ceterum
1649 1623 1806 1642 memora-

156 1668 223 1694 tum
255 1663 445 1704 magistrum
475 1663 587 1694 Rod.³.
624 1673 719 1704 quem
750 1663 779 1693 in
811 1663 857 1693 tui
882 1663 1107 1704 prosecutione
1137 1664 1256 1704 negotii
1287 1664 1415 1695 fidelem
1445 1665 1676 1705 comperimus.
1712 1674 1807 1704 quem

158 1714 332 1746 discretum
358 1715 423 1745 suis
449 1714 660 1745 consideratis
686 1714 810 1745 actibus
837 1718 1024 1755 reputamus
1050 1719 1081 1745 et
1110 1715 1176 1746 suis
1197 1716 1404 1757 exigentibus
1429 1716 1551 1747 meritis
1576 1726 1684 1746 earum
1709 1715 1807 1745 habe-

156 1777 235 1798 mns.
260 1766 301 1797 ad
326 1771 412 1797 tuam
439 1767 649 1808 presentiam.
674 1766 749 1807 quia
774 1766 873 1807 ipsius
899 1766 1019 1797 reditus
1044 1767 1107 1797 tuis
1132 1767 1274 1798 comodis
1299 1767 1475 1809 expediens
1494 1766 1643 1801 creditur,
1669 1766 1806 1798 redeun-

156 1822 220 1848 tem
246 1822 299 1849 tuc
325 1817 507 1848 eelsitudini
539 1818 781 1849 comendamus.
828 1818 871 1848 Et
895 1819 919 1848 si
949 1818 1059 1848 forsan
1086 1819 1189 1859 ipsum
1214 1819 1263 1849 vel
1294 1819 1373 1849 alios
1403 1819 1531 1850 nuntios
1561 1818 1645 1860 apud
1671 1818 1806 1849 eandem

159 1869 269 1900 sedem
300 1874 330 1900 te
360 1869 482 1900 habere
515 1870 702 1910 contigerit,
736 1880 791 1900 eos
821 1873 986 1910 gratanter
1019 1869 1200 1901 videbimus
1229 1874 1261 1901 et
1294 1871 1334 1901 ad
1364 1881 1420 1901 nos
1448 1871 1479 1901 in
1511 1869 1710 1911 quibuslibet
1743 1870 1806 1899 tuis

159 1921 296 1962 negotiis
321 1921 467 1951 volumus
493 1932 657 1952 recurrere
683 1921 891 1952 confidenter.

260 1972 333 2003 Dat.
350 1973 501 2009 Viterbii,
527 1973 589 2003 XV
608 1973 775 2004 Kalendas
799 1973 886 2006 Maii,
911 1983 994 2004 anno
1019 1973 1064 2003 1⁰.

935 2148 1020 2183 518.

274 2197 433 2243 {sturmis
457 2213 608 2251 IVana
634 2215 776 2243 Ollomro
807 2214 870 2253 νιῃί
893 2213 1062 2244 Balanitae
1093 2214 1199 2243 scribis
1227 2225 1258 2243 sc
1287 2214 1518 2244 malrlmonium
1549 2214 1615 2244 cius
1646 2213 1718 2243 alim
1742 2223 1809 2243 cnm>

159 2264 338 2304 illas-clarita
368 2265 524 2303 quondam
552 2264 766 2295 memwwn
797 2265 905 2304 reslimt
935 2265 971 2295 de
995 2266 1082 2305 siecle
1110 2267 1297 2295 contractum
1328 2265 1451 2295 irrc'loeme
1482 2265 1669 2294 ‹lmwntiame
1692 2266 1718 2294 cl
1742 2275 1807 2295 cum

158 2316 222 2354 ipso
245 2318 272 2345 ct
295 2316 486 2354 szismndi
518 2319 605 2354 rupte
630 2316 709 2354 renis
740 2316 900 2355 [lanariae
923 2317 1117 2355 dispensare,
1147 2319 1181 2346 at
1212 2317 1245 2346 in
1269 2317 1466 2346 nmlre'mom'o
1490 2318 1652 2352 waltrat-to,
1685 2316 1809 2354 impedi-

158 2369 256 2397 mento
278 2377 341 2397 ‘non
365 2367 512 2400 obstante,
538 2370 728 2399 rcmcmcant.
1469 2370 1559 2404 1262,
1576 2367 1656 2406 slyr.
1670 2370 1720 2398 20,

267 2426 325 2452 L'J'b.
344 2426 392 2451 IV
403 2426 466 2459 Rcy.
489 2426 539 2452 Vol.
558 2427 594 2451 II
612 2427 789 2460 [cunicralfflfi
809 2428 829 2458 s'.
846 2431 897 2458 ὁδ’,
920 2436 957 2460 q».
981 2432 997 2452 l.
1035 2427 1193 2459 Ercmplar.
1219 2426 1288 2459 quor(
1308 2426 1373 2460 Rcy.
1394 2427 1499 2452 bbltcnt.
1518 2429 1535 2452 l.
1555 2427 1594 2459 II,
1609 2435 1638 2459 JJ.
1658 2430 1709 2455 137,
1730 2430 1810 2452 12.3,j5

156 2469 292 2502 praebent,
311 2470 467 2495 contulimus
485 2478 543 2495 cum
563 2470 689 2502 Iteflcstis.

262 2513 388 2544 Potehavst,
409 2513 472 2545 Rcsl.
485 2516 576 2540 18277:
596 2512 780 2538 B1‹¹1V.1e·271›.

265 2618 288 2648 a)
308 2617 369 2641 now
384 2616 414 2641 R.

265 2684 290 2715 1)
314 2683 450 2715 Rodulfns
469 2684 501 2710 dc
514 2684 597 2710 Pedia
612 2685 706 2710 Boion
719 2685 766 2718 [ac
784 2687 847 2717 sept.
861 2687 882 2710 et
903 2693 952 2711 occ.
965 2685 1011 2711 cir.
1028 2685 1131 2718 Sic1111]‚
1151 2693 1223 2717 qaum
1239 2684 1372 2717 Alfonszts
1385 2694 1409 2709 υ.
1426 2688 1494 2713 1264,
1516 2684 1595 2710 Febr.
1615 2689 1625 2709 1
1644 2684 1719 2717 [BF.
1733 2685 1809 2718 5513]

161 2726 314 2758 ›artai-strum
331 2730 355 2752 ct
374 2727 507 2753 notariam
525 2736 604 2753 saum
622 2728 777 2760 appellum-it:
796 2729 827 2759 cf.
848 2728 922 2759 infra
941 2728 989 2753 seth
1009 2737 1033 2754 rc.
1052 2732 1121 2760 1264,
1144 2728 1258 2761 „inflex

264 2778 328 2804 Res.
341 2779 419 2805 Poxr.
435 2779 481 2805 III.
1623 2780 1653 2804 h'l

1823 848 1884 868 [ww.
1895 850 1927 871 21,
1943 850 1960 867 1.
