2106 2979
89 659 111 676 11)

87 1170 111 1187 20

92 1696 108 1713 ll(

112 1698 116 1711 l

94 2212 117 2229 -Ιιι

80 2741 111 2759 ¹5<

111 2744 118 2759 *a

726 89 924 116 EPISTOLAE
943 91 1132 118 SELEOTAE.
1172 92 1244 118 1267.
1744 95 1804 124 677

164 181 317 220 ceperant
342 181 374 208 et
397 188 415 208 a
439 177 549 207 multis
574 176 695 207 ibidem
720 177 844 218 recepti
870 180 933 207 tam
959 178 1080 219 apertis
1105 188 1199 218 quam
1226 179 1360 209 occultis
1379 180 1570 210 tractatibus
1594 190 1665 210 cum
1683 180 1805 210 malitie

164 242 221 261 sue
248 230 386 260 consciis
404 232 434 259 et
451 228 655 259 consortibus
681 228 911 258 exaltationem
937 229 1137 259 inimicorum
1156 229 1302 261 Romane
1332 231 1482 269 ecclesie,
1506 231 1616 261 matris
1641 234 1705 266 tue,
1731 241 1805 261 nec-

163 293 225 312 non
250 284 281 311 et
305 280 450 312 eiusdem
476 280 613 311 ecclesie
639 290 676 310 ae
701 283 827 310 tuorum
860 279 1001 310 fidelium
1033 282 1261 312 exterminium
1292 283 1509 323 procurabant
1535 286 1566 313 et
1591 283 1621 313 in
1648 293 1718 313 eam
1744 283 1805 313 iam

164 336 379 376 proruperant
404 331 654 373 presumptionis
678 331 853 368 insaniam,
883 334 917 362 ut
942 331 1176 369 Conradinum,
1201 337 1352 375 nepotem
1378 333 1537 375 quondam
1562 333 1615 364 Fr.
1641 334 1716 364 olim
1742 333 1805 363 Ro-

164 395 328 416 manorum
368 384 588 425 imperatoris,
629 393 737 423 regem
779 382 887 413 Sicilie
927 384 1092 415 nominare
1130 388 1354 426 presumerent
1389 389 1421 416 et
1460 385 1617 416 nominari
1657 385 1696 416 ab
1736 385 1807 416 aliis

163 437 329 468 facerent¹
361 447 399 466 ac
429 434 572 466 eiusdem
608 434 781 465 Com-adini
814 434 939 465 litteras
972 438 1004 465 et
1036 435 1205 476 privilegia
1240 436 1298 467 sub
1336 437 1441 477 sigillo
1480 441 1512 467 et
1546 437 1674 467 nomine
1710 436 1808 476 regiis

164 488 407 519 circumferrent
441 490 473 518 et
504 490 672 517 venturum
708 486 811 527 ipsum
848 487 878 516 in
909 490 1018 527 partes
1044 487 1138 518 Italic
1171 488 1298 528 publice
1331 488 1552 530 predicarent,
1586 492 1634 525 tu,
1667 487 1808 529 predicte

163 541 301 570 ecclesie
337 539 447 570 matris
477 542 531 569 tue
565 538 712 568 iniuriam
742 541 829 568 tuam
862 538 992 568 omnino
1025 542 1178 579 reputans
1210 544 1241 569 ct
1266 540 1429 581 propriam
1455 539 1682 570 nichilominus
1708 549 1806 579 equa-

164 592 292 622 nimiter
317 591 401 622 ferre
427 601 490 621 non
515 590 639 625 valens,
664 600 788 619 memor
813 590 910 620 etiam
936 589 1163 630 obsequiorum
1186 591 1376 629 multorum,
1402 602 1463 632 que
1489 602 1507 622 a
1531 591 1662 628 Tuscis⁷
1688 590 1806 620 nostris

165 654 201 674 ac
226 645 288 674 tuis
313 642 461 674 fidelibus
487 645 519 672 et
543 641 682 679 devotis,
714 651 849 681 quorum
876 641 1007 682 sanguis
1033 641 1072 672 ab
1099 642 1214 672 emulis
1240 643 1270 672 in
1296 642 1448 683 predictis
1474 641 1666 673 tractatibus
1693 652 1808 682 quere-

164 695 267 731 batur,
292 698 322 725 te
347 694 509 735 recepisse
535 693 678 730 dicebas,
703 693 743 723 ad
768 697 910 723 nostram
936 694 1131 734 presentiam
1154 694 1377 731 accessurus&
1403 697 1490 725 tuam
1509 695 1539 724 in
1563 697 1671 735 partes
1690 693 1808 724 Tuscic

163 746 336 788 promisisti
360 746 505 776 militiam
517 745 537 777 ³,
568 755 630 775 non
656 748 690 774 ut
725 745 849 786 imperii
875 748 983 786 partes
1009 746 1196 780 invaderes,
1231 746 1287 777 sed
1312 750 1347 777 ut
1371 747 1470 777 tantis
1496 746 1588 776 malis
1613 754 1808 777 occurreres,

164 798 310 828 inimicos
336 800 462 828 nostros
487 807 524 827 ac
549 800 620 827 tuos
646 800 832 827 contereres
870 800 901 827 et
932 797 1108 827 amicorum
1140 798 1211 839 paci
1243 808 1279 828 ac.
1305 799 1403 828 totius
1429 798 1587 839 provintie
1613 796 1810 838 provideres.

163 849 327 890 Receptus
346 853 454 879 autem
476 849 613 890 primum
631 859 649 878 a
668 848 791 878 civibus
809 848 1027 878 Florentinis⁴
1046 849 1178 890 pacifice
1196 852 1227 880 et
1244 849 1447 891 postmodum
1466 860 1484 879 a
1501 848 1652 884 Lucanis,
1676 847 1807 878 Pistori-

165 901 297 932 ensibus
310 903 330 939 ⁵,
352 900 564 931 Pratensibus
583 910 619 930 ae
644 899 835 940 quibusdam
854 901 923 930 aliis
946 904 978 930 et
996 901 1035 930 ab
1055 900 1176 931 eisdem
1195 900 1233 931 ad
1252 905 1380 942 tempus
1398 901 1428 931 in
1447 904 1642 942 potestatem
1661 909 1809 940 assump-

164 958 215 984 tus
227 954 248 989 ⁰,
278 953 363 993 geris
388 953 419 983 in
445 952 527 982 votis
551 955 583 981 te
608 952 638 982 in
664 952 811 982 omnibus
836 956 945 982 nostro
970 951 1173 992 beneplacito
1198 955 1350 993 coaptare
1376 956 1408 983 et
1434 953 1478 982 sic
1502 952 1572 982 loca
1602 952 1634 982 in
1659 950 1811 992 predictis

163 1004 307 1046 partibus
332 1008 386 1034 tuo
411 1003 583 1034 commissa
608 1008 640 1033 et
665 1003 896 1033 committenda
921 1004 1067 1044 regimini
1090 1004 1121 1033 in
1139 1004 1224 1033 omni
1242 1004 1476 1044 tranquillitate
1495 1014 1620 1044 regere,
1645 1006 1680 1033 ut
1698 1002 1811 1042 cuique

165 1067 222 1087 sua
248 1060 394 1087 servetur
419 1055 551 1086 iustitia.
577 1055 691 1096 cuique
716 1059 818 1085 status
844 1056 908 1085 suis
933 1055 1061 1086 debitus
1085 1056 1210 1086 meritis
1236 1059 1461 1091 conservetur,
1486 1057 1643 1096 purgetur
1669 1053 1812 1084 heretica

163 1109 320 1149 pravitaS,
355 1107 531 1148 predonum
558 1107 748 1137 cohibeatur
776 1107 929 1141 audacia,
966 1107 1079 1137 eadem
1112 1111 1223 1137 sancta
1256 1111 1360 1137 mater
1395 1107 1571 1137 honoretur
1606 1105 1745 1136 ecclesia
1781 1108 1812 1134 ct

165 1159 305 1190 fidelium
335 1160 387 1200 pia
411 1159 538 1190 devotio
564 1159 733 1189 nutriatur.
781 1159 900 1189 Verum
931 1159 1005 1200 quia
1030 1159 1089 1189 hoc
1115 1159 1219 1200 ipsum
1250 1159 1375 1200 nequit,
1407 1162 1502 1199 prout
1526 1158 1680 1195 extimas,
1713 1155 1813 1187 solide

162 1212 246 1249 fieri,
282 1211 341 1241 nisi
380 1211 527 1241 civitates
561 1211 674 1241 saltem
714 1215 745 1241 ct
776 1211 847 1241 loca
878 1211 1016 1241 celebria
1056 1210 1200 1241 eiusdem
1236 1211 1396 1251 provintie
1425 1210 1630 1240 stabiliantur
1658 1209 1688 1238 in
1721 1218 1813 1249 paee.

164 1263 257 1294 nobis
282 1263 447 1293 humiliter
471 1263 680 1304 supplicasti,
711 1266 759 1299 ut,
792 1273 862 1292 eum
889 1262 927 1292 ad
953 1273 1086 1303 presens
1112 1266 1204 1292 vacet
1230 1262 1416 1303 imperium,
1452 1261 1541 1291 cuius
1566 1261 1604 1290 ad
1630 1271 1703 1298 nos7
1737 1259 1811 1289 dum

164 1319 271 1352 vacat,
306 1314 439 1356 pacifica
469 1315 670 1345 conservatio
696 1314 836 1344 noscitur
868 1315 1030 1355 pertinere
1045 1315 1065 1347 7,
1096 1314 1127 1344 in
1157 1325 1218 1355 quo
1249 1314 1344 1344 nichil
1370 1313 1522 1344 vendicas
1555 1313 1611 1343 tibi
1646 1312 1723 1342 iuris
1754 1322 1813 1341 nec

164 1367 349 1408 quicquam,
382 1370 417 1396 ut
445 1366 665 1407 supradictum
698 1370 760 1399 est,
801 1377 961 1407 occupare
997 1376 1052 1407 per
1080 1366 1323 1407 usurpationem
1358 1366 1388 1395 in
1420 1365 1534 1396 eodem
1567 1363 1721 1397 intendis,
1757 1363 1812 1392 tibi

171 1419 452 1449 conservationem
478 1419 565 1460 pacis
591 1418 620 1447 in
645 1418 779 1448 Tuscia.
814 1418 953 1449 ecclesie
979 1418 1122 1449 Romane
1147 1422 1233 1449 terra
1257 1418 1425 1448 dumtaxat
1455 1420 1608 1458 excepta⁷
1640 1414 1818 1445 concedere

170 1470 392 1512 dignaremur,
424 1471 467 1500 ita
491 1469 577 1511 quod
601 1473 665 1499 tam
692 1480 763 1501 eos,
794 1470 847 1510 qui
872 1474 903 1500 te
929 1474 1138 1511 receperunt,
1172 1481 1267 1511 quam
1293 1470 1374 1500 alios
1398 1469 1505 1510 possis
1532 1468 1684 1499 inducere
1709 1470 1741 1497 et
1765 1477 1816 1496 ac·

170 1523 337 1564 quiescere
362 1523 509 1553 nolentes
534 1532 651 1563 cogere
677 1521 715 1552 ad
741 1532 855 1562 pacem
874 1522 973 1563 ipsius
992 1522 1150 1563 provintie
1169 1522 1337 1552 jurandam
1356 1525 1387 1552 et
1404 1521 1544 1551 fideliter
1563 1518 1817 1550 conservandam

172 1585 208 1605 ac
233 1578 359 1605 nostros
384 1578 416 1605 et
441 1578 513 1604 tuos
532 1575 678 1604 inimicos
698 1575 828 1615 penitus
847 1575 1057 1605 abiurandos.
1082 1575 1191 1615 sieque
1211 1577 1339 1604 cessent
1357 1573 1521 1605 violentie,
1546 1574 1675 1602 cessent
1691 1580 1818 1611 guerre,

171 1630 300 1657 cessent
325 1627 552 1667 aggressiones
578 1627 744 1658 itinerum,
773 1626 983 1667 spoliationes
1014 1626 1226 1656 ecelesiarum
1252 1628 1283 1656 et
1308 1635 1501 1666 pauperum,
1534 1627 1565 1654 et
1589 1622 1725 1664 quilibet
1750 1621 1818 1651 iure

172 1689 229 1708 suo
253 1682 424 1709 contentus
451 1678 499 1708 ius
524 1678 584 1709 sibi
610 1678 718 1709 dicere
744 1689 806 1708 uon
832 1682 1006 1720 presumat,
1033 1677 1090 1708 sed
1115 1678 1239 1719 siquam
1265 1677 1326 1707 sibi
1352 1676 1421 1706 fieri
1445 1679 1536 1717 putat
1560 1674 1721 1711 iniuriam,
1747 1683 1817 1703 eam

171 1730 228 1760 sub
255 1731 453 1771 competenti
478 1729 582 1760 iudice
609 1733 840 1770 prosequatur:
870 1729 973 1770 possis
1007 1729 1105 1759 etiam
1139 1728 1320 1759 turbatores
1353 1727 1440 1768 pacis
1472 1736 1680 1767 compescere
1706 1727 1738 1755 et
1762 1734 1818 1765 pro

171 1781 227 1812 tali
253 1782 494 1823 presumptione
521 1782 650 1822 punire,
686 1793 701 1811 a
729 1782 795 1812 suis
821 1781 1046 1811 nichilominus
1073 1780 1257 1811 ordinariis,
1295 1780 1321 1809 si
1353 1779 1391 1809 ad
1424 1789 1479 1809 eos
1510 1788 1658 1808 recursus
1689 1777 1819 1807 habitus

170 1834 275 1869 fuerit,
302 1838 396 1874 prout
420 1834 541 1864 iustitia
566 1834 761 1874 permiserit,
788 1833 979 1874 puniendos7
1005 1833 1118 1863 sicum
1138 1832 1225 1873 pacis
1251 1831 1435 1861 turbatione
1460 1831 1579 1860 crimen
1600 1828 1820 1859 commiserint

172 1885 239 1914 iure
266 1885 315 1915 vel
342 1885 576 1916 consuetudine
604 1885 832 1917 coercendum:
864 1885 967 1926 possis
997 1885 1095 1915 etiam
1126 1885 1247 1925 pariter
1277 1893 1347 1913 cum
1379 1882 1500 1913 eisdem
1534 1893 1589 1923 pro
1615 1883 1820 1920 contemptus

172 1937 328 1976 qualitate
347 1937 461 1978 punire
480 1937 561 1970 illos,
588 1938 640 1978 qui
666 1942 729 1967 tam
756 1938 842 1979 pium
870 1939 1014 1978 prestare
1040 1936 1203 1966 noluerint
1228 1936 1454 1969 iuramentum,
1480 1936 1512 1963 et
1529 1933 1591 1963 alia
1615 1933 1733 1965 faeere,
1759 1941 1819 1972 que

170 1988 209 2018 ad
243 1987 318 2019 dicti
350 1989 573 2019 solidationem
608 1989 749 2030 negotii.
782 1989 821 2019 ad
849 1989 1001 2019 honorem
1027 1987 1087 2017 Dei
1120 1992 1151 2017 et.
1175 1986 1322 2017 Romane
1348 1986 1486 2016 ecclesie
1516 1989 1611 2025 atque
1642 1986 1730 2014 tuum
1762 1993 1821 2013 nec

171 2050 231 2070 non
258 2044 290 2071 et
314 2041 486 2071 utilitatem
512 2041 654 2071 fidelium
682 2041 799 2071 videris
826 2040 994 2081 expedire.

273 2091 340 2122 Nos
366 2093 476 2133 igitur,
515 2096 579 2123 tam
612 2093 683 2133 paci
715 2092 860 2133 predicte
892 2092 1049 2133 provintie
1080 2090 1250 2132 providere
1277 2090 1419 2120 volentes
1445 2098 1539 2129 quam
1566 2087 1653 2117 elisis
1679 2085 1818 2115 hostium

172 2143 289 2173 viribus
306 2146 338 2174 et
355 2144 532 2174 eorundem
553 2144 846 2175 machinationibus
864 2143 1078 2174 fraudulentis¹
1104 2143 1201 2172 elusis
1227 2145 1344 2172 statum
1371 2145 1460 2171 tuum
1485 2143 1517 2169 et
1540 2139 1716 2168 Tuscorum
1741 2135 1820 2166 fide-

172 2195 249 2225 lium
273 2195 414 2236 undique
443 2196 603 2233 roborari,
638 2197 718 2226 votis
743 2196 806 2226 tuis
831 2195 1016 2225 benivolum
1041 2194 1215 2236 prebentes
1240 2203 1425 2226 assensum,
1458 2191 1565 2232 pacis7
1598 2199 1691 2230 quam
1724 2189 1756 2218 iu
1781 2198 1820 2218 ea

169 2251 260 2288 parte
285 2247 416 2285 Tuscie,
448 2258 509 2289 que
534 2248 680 2278 Romano
707 2248 840 2289 imperio
871 2248 1019 2277 subiace*v
1043 2257 1125 2276 nunc
1152 2245 1294 2276 vacanti,
1325 2244 1421 2275 iurari
1448 2243 1595 2272 volumus
1626 2244 1657 2271 et
1686 2238 1818 2270 manda-

276 2394 300 2426 1)
315 2392 356 2425 Cf.
368 2403 394 2426 1¹.
409 2397 470 2425 674,
492 2397 542 2419 not.
559 2399 578 2419 1.
666 2396 693 2423 2)
707 2395 740 2419 A.
759 2397 825 2419 1267.
846 2394 912 2426 Apr.
928 2398 960 2418 25,
981 2392 1088 2418 l'itcrhii
1107 2394 1178 2416 erut:
1204 2389 1307 2415 BFW.
1324 2393 1399 2416 97712‘:
1422 2389 1456 2416 cl'.
1473 2387 1595 2413 I‘otthast
1614 2389 1712 2418 ·.›ooo3‚
1732 2389 1822 2411 20005.

171 2436 268 2461 Iterum
289 2437 323 2461 ihi
342 2440 398 2461 cra!
420 2437 488 2462 Mai.
504 2441 548 2465 23.-
569 2436 698 2464 Mai-tim.
723 2437 797 2462 Thes.
813 2440 830 2462 t.
846 2437 885 2462 II.
901 2445 929 2469 2).
944 2435 1040 2463 47:3D:
1063 2435 1184 2460 Pottlzast
1204 2437 1295 2459 20015.
1379 2433 1405 2460 3)
1427 2431 1467 2462 Cf.
1482 2429 1603 2456 Parrhase
1623 2432 1711 2459 19904,
1733 2432 1821 2459 19923,

173 2482 259 2511 150984,
274 2484 366 2506 1931035'.
421 2481 448 2505 47
464 2479 648 2512 (7.H112*[[t*i51‚
664 2480 787 2506 Floreat.
804 2480 891 2505 Gae‘sclt.
908 2483 1086 2509 1250-—12.(⁴2,
1101 2477 1224 2503 Zeitscln:
1238 2477 1257 2507 f.
1275 2473 1572 2500 (iesch1'clzts1‹·issc›1sch.
1588 2476 1663 2505 18⁸5&
1678 2475 1694 2497 t.
1710 2472 1731 2503 I,
1742 2479 1769 2504 p.
1785 2475 1822 2496 47.

170 2523 196 2547 ὃ)
217 2524 249 2548 Α.
267 2527 341 2554 1266,
362 2523 430 2555 Apr.
447 2527 460 2547 Τ
474 2531 549 2555 papu
573 2523 748 2556 Olbios-iano]
769 2523 793 2548 S.
811 2523 918 2548 Mariae
939 2524 967 2547 iu
989 2522 1037 2547 Vm
1058 2522 1132 2547 Lata
1150 2520 1264 2545 diacono
1282 2518 1416 2544 cardinali
1439 2517 1545 2549 scripsit
1566 2515 1742 2540 Pistoricnscs
1756 2515 1823 2547 peti-

171 2565 247 2595 rissc,
266 2568 294 2590 ul
314 2565 346 2590 ab
365 2566 676 2597 encomiumnicaliomnni,
701 2567 888 2598 prt'ratioimm
907 2569 928 2591 ct
950 2565 1080 2590 [interdicti
1103 2563 1241 2589 sententiis
1260 2562 1467 2591 absolverentur,
1496 2559 1592 2592 (sufibus
1612 2566 1664 2591 pro
1687 2566 1728 2589 eo,
1755 2557 1824 2589 qum(

168 2608 303 2640 qnondam
329 2608 473 2640 sslanfrcrlo
500 2609 639 2640 fidelitatis
669 2609 814 2634 inrstmcnto
836 2609 965 2641 praestito
994 2610 1088 2633 contra
1117 2606 1248 2632 ecclesiam
1280 2604 1461 2629 adhaesissent
1484 2605 1507 2627 ct
1531 2602 1656 2627 cit-itatem
1682 2601 1823 2626 Lucanam

168 2654 260 2676 contra
272 2651 499 2684 praedecessorum
519 2660 626 2677 suornm
646 2655 668 2676 ct
688 2660 765 2677 suam
781 2652 989 2685 prohibitionem
1008 2651 1218 2683 'impuqnafssena,
1236 2648 1336 2673 astricti
1360 2649 1453 2677 essent,
1474 2646 1547 2677 eique
1567 2644 1757 2670 absolutionem
1779 2643 1825 2667 sub

169 2695 246 2720 certis
257 2694 455 2720 condicionibus
475 2695 615 2723 commisit,-
636 2695 663 2720 [n¹
684 2695 793 2719 cundem
817 2695 983 2727 niodmnpro
996 2695 1098 2719 cia-itale
1119 2692 1257 2719 Pratensi:
1278 2691 1339 2716 Lib.
1359 2690 1393 2717 ll,
1411 2697 1465 2715 cnr.
1481 2693 1510 2717 .*,',·
1531 2688 1608 2713 Posse
1624 2695 1652 2719 p.
1667 2690 1706 2715 42,
1729 2696 1752 2712 Η.
1770 2689 1824 2711 ‹327-

172 2738 198 2769 Β)
220 2736 261 2770 Cf.
278 2737 400 2763 Potthast
422 2741 517 2769 20003,
537 2742 621 2764 :oooj
639 2741 660 2763 ct
681 2743 769 2764 20015.
860 2739 885 2763 Τ)
907 2738 947 2769 (γ’.
957 2746 983 2770 11-
999 2741 1054 2768 672,
1074 2737 1120 2762 lin.
1140 2740 1171 2761 η.
