2106 2979
295 84 354 113 555
888 80 934 107 EX
956 81 1093 107 l’RBANI
1116 81 1151 107 lv
1166 81 1344 108 nmasruo

295 175 326 199 ct
361 167 648 199 excommunicatis
689 178 725 198 ae
765 167 871 208 impiis
907 167 1128 198 ecelesiastica
1169 170 1382 198 sacramenta.
1451 167 1653 199 Poutificalis
1693 169 1936 211 parvipenditur

293 220 466 250 auctoritas
494 223 526 249 et
550 222 705 260 potestas.
732 219 955 250 ecclesiastiea
979 229 1115 250 censura
1139 219 1387 260 contempnitur,
1415 223 1554 260 pereunt
1581 220 1702 252 anime.
1736 221 1937 252 trucidantur

293 282 437 313 corpora,
463 270 676 301 incenduntur
693 270 800 307 urbes,
826 270 1036 301 destruuntur
1060 274 1176 302 castra.
1200 270 1386 311 infringitur
1404 274 1576 301 stratarum
1601 271 1769 307 securitas.
1794 271 1933 313 spolian—

293 329 344 353 tur
360 323 512 353 viatores.
537 322 706 353 Sarraceni
731 326 762 352 ot
780 322 951 352 scismatici
970 322 1172 353 Christicolis
1197 322 1414 363 preferuntur.
1439 321 1658 353 defenduntur
1682 323 1828 358 heretici,
1853 323 1934 354 adeo

293 374 374 415 quod
401 375 431 404 in
456 374 619 404 nonnullis
638 374 717 404 locis
743 383 805 404 non
831 373 987 405 audemus
1012 373 1187 414 procedere
1213 377 1325 404 eontra
1348 373 1444 414 ipsos.
1492 373 1530 404 In
1555 374 1715 415 aliquibus
1740 385 1815 405 vero
1840 375 1935 405 terris

293 425 512 467 predicatores
549 425 738 465 evangelice
772 425 917 456 veritatis
959 425 1093 456 verbum
1128 425 1190 455 Dei
1232 435 1412 466 proponere
1453 425 1602 456 fidelibus
1648 425 1860 467 probibentur
1905 429 1937 456 et

293 478 423 507 hereses
459 476 588 518 publice
624 477 839 518 predicantur.
887 476 1104 518 Quamplura.¹
1136 477 1268 517 insuper
1297 477 1359 507 alia
1389 475 1595 507 detestabilia
1626 481 1657 508 et
1685 477 1935 508 abhominabilia

292 529 551 559 cmmnittuntur.
576 539 637 569 que
663 528 770 559 divine
795 528 904 558 oculos
929 529 1110 559 maiestatis
1135 527 1318 559 offendunt.
1349 527 1536 559 scandalum
1568 529 1599 559 in
1632 529 1771 560 eeclesia
1795 539 1935 560 eommo-

292 585 367 610 vent
395 584 426 611 et
451 580 651 611 trena-ndum
678 579 897 610 ecclesiastice
922 590 1058 610 censure
1076 579 1219 619 vigorem
1244 579 1413 610 debilitant
1438 583 1470 610 ct
1495 580 1696 611 conculcant.
1736 579 1805 611 Nec
1830 584 1937 622 potest

292 633 358 673 ipsa
385 632 520 662 ccclesia
547 631 680 673 predicti
698 631 857 662 Manfredi
882 630 1158 662 invalescentibus
1183 631 1306 661 viribus
1331 635 1522 672 oportunum
1549 642 1647 673 super
1671 631 1732 662 hiis
1758 631 1933 662 remedium

291 684 454 715 adhibere.
473 694 544 714 eum
564 683 689 724 nupor‘2
706 683 803 713 etiam
823 682 907 713 idem
923 682 1111 713 Maufredus
1130 683 1330 713 truculentas
1348 693 1462 713 manus
1481 683 1511 712 in
1530 683 1653 713 viscera
1671 683 1740 714 eius
1759 684 1935 714 immittens

290 735 444 776 quosdam
470 735 705 768 'l'lieutouieos,
739 745 795 765 sue
821 735 932 776 utique
957 734 1193 775 persecutionis
1218 734 1398 769 ministros,
1425 735 1456 764 in
1483 735 1711 775 patrimonium
1737 735 1823 766 beati
1849 735 1935 766 Petri

291 788 319 817 in
345 787 479 817 Tuscia.
515 787 544 817 in
571 797 632 828 quo
657 797 714 816 nos
749 797 819 816 cum
853 790 918 816 tota
950 790 1059 816 nostra
1090 786 1178 816 curia
1210 785 1403 818 residemus.
1439 785 1600 816 destinare
1638 786 1872 828 presumpserit
1905 787 1936 816 in

289 839 486 878 asperiorem
505 842 535 869 et
560 837 721 868 duriorem
740 838 948 869 vexationem
974 837 1074 879 ipsius
1098 837 1248 868 ecclesie.
1273 837 1487 869 turbationem
1507 838 1671 879 provincie
1689 842 1936 878 nostrorumque

290 890 431 920 tidelium
456 898 694 921 nocumentum.

393 942 495 978 (ὲιιίη3
521 942 618 981 igitur
642 953 659 972 a
684 941 829 983 predicto
866 951 964 981 reguo
991 941 1099 971 Sicilie
1131 940 1282 982 panditur
1316 951 1410 971 omne
1448 941 1566 971 malum
1602 941 1703 982 ipsius
1733 942 1870 972 ecclesie
1903 944 1935 971 et

290 999 449 1024 tantorum
477 994 692 1036 periculorum
719 1000 783 1023 tam
814 993 990 1022 annuarum
1023 1003 1118 1033 quain
1153 1003 1321 1033 corporum
1347 1003 1445 1023 causa
1470 992 1626 1033 procedit.
1651 993 1778 1023 omniuo
1803 992 1935 1034 expedit

291 1046 395 1076 eidem
422 1046 560 1076 ecclesie
586 1046 667 1075 circa
694 1048 812 1075 statum
839 1044 937 1085 ipsius
962 1044 1050 1083 regni
1075 1044 1170 1074 aliter
1193 1044 1344 1084 cogitare.
1369 1044 1519 1085 quoniam
1545 1045 1570 1074 si
1596 1045 1733 1075 eeclesia
1759 1045 1854 1086 plena
1878 1055 1935 1075 sua

290 1098 441 1128 libertate
467 1109 503 1127 ae
529 1097 721 1127 auctoritate
754 1097 784 1126 iu
815 1106 912 1134 reguo
947 1095 1107 1135 gauderet
1139 1095 1253 1125 eodem
1286 1100 1317 1126 et
1342 1096 1459 1136 aliquis
1485 1096 1635 1137 princeps
1660 1096 1840 1127 catholicus
1865 1097 1935 1127 eius

289 1148 520 1187 gubernaculis
551 1148 745 1190 presideret.
784 1147 1031 1178 innumerabilia
1064 1151 1095 1177 ct
1127 1147 1360 1177 inextimabilia
1392 1148 1475 1177 bona
1506 1158 1567 1177 non
1602 1148 1703 1178 solum
1735 1147 1838 1178 eidem
1869 1147 1932 1178 Ro-

289 1211 382 1230 mane
401 1212 510 1231 verum
537 1201 633 1231 etiam
659 1200 834 1230 universali
861 1199 997 1229 ecclesie
1023 1203 1053 1228 et
1079 1199 1244 1239 potissime
1270 1198 1370 1229 'l'erre
1397 1198 1514 1229 Sancte.
1539 1209 1575 1229 ae
1598 1199 1935 1240 Costantinopolitano

289 1253 422 1293 imperio
456 1252 670 1293 spiritualiter
706 1256 734 1281 et
773 1251 994 1292 temporaliter
1030 1251 1253 1291 provenirent.
1291 1262 1349 1281 nee
1383 1254 1546 1291 oporteret
1584 1251 1719 1281 eandem
1758 1251 1934 1281 Romanam

289 1304 461 1334 eeclesiam
493 1305 537 1334 sie
568 1304 752 1344 frequenter
781 1303 820 1332 ad
856 1302 1118 1332 l'ltramontanas
1155 1302 1310 1332 eeclesias
1346 1313 1402 1343 pro
1434 1303 1501 1332 eius
1535 1302 1782 1333 necessitatibus
1814 1302 1935 1333 babere

290 1367 451 1386 recursum
481 1356 630 1397 ipsasque
656 1356 773 1385 totiens
798 1364 987 1395 aggravare.
1034 1354 1228 1383 Sufficerent
1253 1354 1336 1384 cuim
1363 1354 1390 1383 ei
1416 1364 1507 1384 suum
1533 1354 1758 1396 patrimonium
1784 1358 1815 1385 et
1845 1354 1935 1395 regni

289 1419 408 1438 census
443 1407 603 1438 eiusdem.
637 1407 661 1437 si
695 1407 753 1437 bec
784 1406 917 1447 pacifice
947 1404 1125 1446 possideret
1156 1405 1321 1446 multaque
1353 1406 1540 1446 temporalia
1571 1405 1653 1435 boim
1684 1406 1865 1447 perciperet
1893 1405 1932 1436 ab

288 1459 435 1489 ecclesiis
461 1459 534 1489 dicti
566 1459 672 1499 regui.
705 1468 766 1499 que
796 1468 870 1487 suas
901 1457 1117 1487 necessitates
1147 1467 1208 1486 nou
1243 1457 1403 1487 modicum
1437 1457 1633 1489 relevarent.
1665 1457 1933 1498 quemadmodum

287 1511 486 1552 temporibus
512 1510 701 1541 devotorum
728 1514 759 1539 ct
785 1509 1018 1539 catholicorum
1050 1519 1160 1548 regum
1188 1508 1298 1538 Sicilie
1329 1509 1386 1538 bec
1420 1509 1588 1550 percipere
1614 1509 1791 1539 cousuevit.
1837 1508 1933 1549 (fogi-

288 1568 392 1592 tantes
418 1563 524 1602 itaque
550 1566 581 1592 ct
606 1561 790 1601 diligentius
816 1561 1014 1601 inquirentes
1041 1561 1107 1590 vias
1133 1568 1164 1590 et
1190 1560 1314 1592 modos,
1345 1560 1460 1601 quibus
1491 1561 1630 1590 ccclesia,
1662 1561 1729 1601 ipsa
1761 1561 1820 1590 hoe
1850 1565 1931 1590 tem-

287 1625 361 1654 pore
395 1614 495 1644 iuvari
522 1614 627 1643 valeat
660 1620 688 1643 et
716 1625 731 1643 a
760 1618 805 1642 tot
839 1612 1081 1642 calamitatibus
1111 1611 1258 1642 libcrari.
1291 1612 1512 1642 universorum
1544 1611 1794 1642 ortluuloxorum
1821 1622 1931 1651 regum

286 1673 317 1695 et
342 1666 521 1706 principum
548 1665 632 1695 orbis
658 1669 743 1694 terre
775 1660 956 1705 aptitudine
981 1663 1020 1693 ad
1051 1664 1110 1693 lioe
1135 1670 1164 1693 et
1197 1663 1449 1704 promptitudine
1475 1673 1545 1693 cum
1571 1664 1669 1693 multa
1697 1663 1930 1693 deliberatione

287 1718 443 1757 pensatis.
476 1716 606 1747 taudem
638 1716 678 1746 ad
711 1715 862 1746 dilectum
889 1715 987 1745 tilium
1013 1714 1153 1745 nobilem
1181 1716 1280 1745 virum
1307 1714 1458 1745 (laroluiu
1484 1715 1675 1755 Andegavie
1699 1725 1736 1744 ac
1761 1714 1932 1744 l’roviueie

286 1769 452 1798 comitem.
486 1769 665 1809 principem
691 1767 804 1807 utique
831 1772 1014 1797 strenuum.
1047 1766 1238 1796 industrium
1271 1775 1301 1796 et
1333 1765 1459 1796 fidelem
1492 1776 1528 1796 ac
1557 1765 1596 1795 de
1629 1765 1681 1796 illa
1713 1766 1798 1805 regia
1833 1766 1931 1806 stirpe

286 1821 507 1860 progenitum.
540 1819 578 1849 de
604 1829 664 1860 qua
690 1819 832 1859 suscepit
859 1829 986 1859 semper
1011 1822 1042 1848 et
1067 1819 1198 1859 suscipit
1225 1817 1338 1848 eadem
1365 1818 1499 1848 ecclesia
1530 1818 1612 1848 tilios
1643 1817 1876 1847 benedictionis
1902 1820 1933 1846 et

284 1871 401 1909 gaudii.
428 1872 508 1901 tilios
534 1871 627 1901 factis
653 1875 684 1900 et
709 1871 791 1901 fania
812 1871 981 1911 pollentes.
1007 1870 1087 1900 tilios
1112 1871 1260 1911 oportuni
1280 1870 1391 1900 auxilii
1411 1875 1441 1899 et
1460 1869 1591 1899 favoris.
1617 1869 1781 1910 inquibus
1798 1878 1930 1898 suavem

285 1922 405 1952 delibat
431 1922 596 1952 dulcorem
623 1921 805 1951 reverentie
831 1922 936 1951 tilialis
963 1927 991 1951 et
1019 1921 1127 1951 innate
1148 1921 1329 1951 devotionis
1355 1921 1485 1950 insumit
1510 1920 1651 1951 odorem.
1677 1920 1787 1950 oculos
1813 1920 1928 1950 mentis

286 1977 393 2003 nostre
413 1974 641 2004 convertimus.
667 1973 844 2003 direximus
862 1974 1014 2003 animum.
1040 1973 1251 2003 intentionem
1269 1972 1474 2003 extendimus
1496 1977 1526 2002 et
1550 1972 1579 2002 iu
1605 1972 1685 2012 ipso.
1711 1971 1805 2001 immo
1824 1971 1929 2011 potius

285 2025 314 2054 in
341 2025 506 2054 carissimo
533 2025 562 2054 iu
587 2025 712 2055 (j‘hristo
739 2025 802 2054 tilio
828 2030 936 2054 nostro
956 2023 1147 2065 Inidlovico]
1175 2024 1291 2054 illustri
1317 2033 1391 2063 rege.
1410 2023 1617 2054 Francorum.
1643 2023 1732 2053 euius
1756 2033 1929 2063 germanus

284 2077 401 2107 existit.
426 2088 462 2106 ae
489 2077 703 2107 famosissimo
728 2082 759 2106 ct
785 2076 1061 2106 Christianissimo
1088 2086 1186 2115 reguo
1213 2086 1270 2105 suo
1299 2083 1370 2116 post
1393 2074 1508 2105 Deum.
1534 2074 1638 2116 quoad
1664 2075 1765 2116 ipsius
1791 2074 1928 2104 ecclesie,

284 2128 323 2157 ab
355 2129 490 2158 inimicis
523 2129 591 2158 eius
623 2128 675 2169 qui
708 2129 737 2157 in
764 2128 898 2157 circuitu
924 2128 993 2157 eius
1025 2131 1097 2157 suut
1125 2127 1367 2157 liberationem.
1400 2127 1534 2156 tirmiter
1558 2126 1728 2156 detiximus
1754 2125 1926 2156 anchoram

285 2180 350 2219 spei
377 2185 500 2209 nostre.
538 2184 705 2220 sperantes
732 2180 760 2209 iu
791 2179 862 2210 illo.
899 2180 951 2220 qui
984 2171 1076 2219 reg-es
1106 2185 1137 2208 et
1167 2190 1265 2217 regna
1297 2178 1462 2208 constituit
1487 2182 1515 2207 et
1542 2179 1593 2218 qui
1620 2177 1803 2207 dominatur
1827 2188 1925 2218 super

285 2242 416 2269 regumn
444 2232 606 2261 hominum
634 2239 660 2260 et
689 2231 740 2272 qui
767 2231 843 2261 illud
877 2231 1066 2271 cuicumque
1093 2231 1157 2260 vult
1185 2230 1362 2260 liberaliter
1387 2230 1558 2271 elargitur.
1591 2229 1674 2270 (prod
1708 2229 1732 2258 si
1763 2229 1927 2269 negotium

284 2282 417 2322 predicti
444 2283 533 2321 regui
560 2283 670 2312 sis-ilie
695 2283 724 2312 in
751 2293 921 2323 personam
948 2281 1092 2312 eiusdem
1120 2282 1225 2312 Caroli
1251 2281 1357 2311 divina
1389 2282 1519 2311 favente
1550 2281 1720 2311 elementia
1747 2281 1927 2321 promoveri

284 2341 311 2362 et
351 2345 483 2371 reguum
510 2335 611 2374 ipsum
638 2335 667 2364 in
694 2345 766 2363 eum
799 2334 966 2363 transterri
1004 2334 1192 2373 contigerit.
1227 2333 1311 2363 illam
1349 2332 1484 2363 eandem
1521 2332 1743 2362 liberationem
1778 2331 1927 2372 illamque

285 2386 537 2415 coiisolatioucm
578 2386 608 2414 in
651 2385 835 2415 huiusmodi
884 2385 1087 2415 necessitatis
1127 2385 1260 2414 articulo
1301 2384 1444 2425 predicta
1492 2395 1550 2425 per
1595 2394 1665 2413 eum
1713 2387 1928 2423 emisi-quenn-

284 2436 436 2465 ccclesia.
475 2447 567 2476 quam
604 2448 660 2477 per
690 2437 775 2466 clarc
804 2437 959 2466 memorie
986 2436 1189 2475 ιιιιιμῚιίῘίυιιιιι
1216 2436 1366 2466 Carolum
1394 2436 1495 2476 l'ipini
1529 2435 1643 2466 tilium.
1677 2434 1819 2464 eiusdem
1850 2445 1923 2475 pro-

284 2488 462 2523 genitorem
489 2488 621 2517 comitis.
650 2489 678 2517 in
705 2489 796 2518 cuius
815 2498 986 2529 personam
1006 2487 1187 2517 Romanum
1207 2488 1375 2528 imperium
1402 2487 1538 2517 ecelesia
1565 2486 1604 2516 de
1623 2486 1734 2516 Grecis
1761 2485 1925 2515 transtulit

283 2540 312 2567 in
343 2540 535 2568 (tici-manos.
572 2539 674 2568 eidem
707 2540 846 2569 ecclesie
877 2539 995 2579 legitur
1024 2539 1164 2580 antiquis
1194 2539 1395 2579 temporibus
1432 2539 1462 2568 in
1495 2538 1691 2568 necessitate
1725 2537 1818 2566 simili
1851 2547 1922 2577 pro-

284 2600 417 2619 iuuisse.

387 2719 394 2741 l
431 2718 466 2747 (st.
481 2726 561 2748 ·*‘¹l¹’‘'¹
581 2730 607 2749 p.
622 2723 678 2744 [sifi.
699 2720 743 2743 lot.
760 2723 797 2743 μ’.
887 2722 912 2744 ’.Ν
933 2719 970 2749 (Ὶῖ
987 2728 1011 2744 ιι.
1028 2723 1084 2743 ὢν.
1174 2720 1199 2743 Σ]Ἰ
1220 2720 1260 2749 (Ἰ.
1273 2728 1298 2750 p.
1316 2722 1374 2749 5:55,
1394 2718 1441 2743 Im.
1457 2722 1495 2743 47.

1990 643 2012 660 lo

1988 1156 2013 1174 ⁴211

1985 1676 2009 1693 Ro

1983 1931 2007 1949 35

1977 2195 2003 2211 ’δυ
