2106 2979
106 679 130 697 lo

105 1147 127 1164 15

106 1732 128 1749 25

68 1993 72 1998 '
104 1990 128 2007 30

104 2248 127 2267 35

101 2550 126 2568 40

747 118 944 144 EPISTOLAE
964 118 1151 145 SELECTAE.
1191 120 1263 146 1968.
1762 122 1820 152 711

183 204 337 235 Preterea
362 214 484 241 omnes,
508 206 559 245 qui
579 205 805 236 malefactores
830 205 962 236 eosdem
987 205 1171 246 receperint
1194 206 1248 236 vel
1272 206 1326 247 qui
1351 206 1397 237 eis
1422 206 1454 236 in
1478 216 1669 248 quocunque
1695 207 1824 248 negotio

185 256 326 286 scienter
354 255 503 287 dederint
533 256 720 289 consilium.
753 257 909 287 auxilium
941 257 993 287 vel
1024 258 1182 295 favorem,
1218 257 1277 287 hiis
1309 257 1477 288 dumtaxat
1509 259 1655 299 exceptis
1686 269 1746 299 que
1784 258 1825 289 ad

185 307 322 338 salutem
342 308 391 338 vel
411 308 653 338 conversionem
672 308 871 349 pertinerent
896 308 1050 349 ipsorum,
1074 309 1413 339 excommunicationis
1438 309 1600 339 sententia
1624 309 1824 339 innodamus.

185 358 337 389 Ceterum
363 360 494 394 fratres,
530 360 613 389 filios
644 363 675 389 et
704 363 840 400 nepotes
873 359 1047 390 eorundem
1077 362 1109 389 et
1139 370 1250 390 omnes
1283 371 1324 390 ex
1355 361 1400 390 eis
1431 371 1471 390 ex
1502 370 1692 401 quocunque
1723 361 1824 390 latere

183 410 418 441 descendentes
438 420 539 451 usque
557 410 596 440 ad
615 413 763 451 quartam
787 411 1044 452 generationem,
1069 411 1095 440 si
1121 411 1227 441 clerici
1253 411 1380 447 fuerint,
1405 412 1569 452 privamus
1595 411 1824 442 ecclesiasticis

184 461 352 492 beneficiis
376 461 494 492 habitis
520 466 551 492 et
576 461 740 492 reddimus
766 462 926 493 inhabiles
952 461 991 492 ad
1015 461 1177 499 habenda,
1201 465 1381 493 statuentes
1401 463 1504 504 utqui
1523 462 1664 493 nondum
1683 463 1825 493 clericali

184 516 257 544 sunt
282 513 425 554 insigniti
450 516 623 544 caractere.
649 513 763 544 militie
788 514 947 544 clericalis
972 513 1091 543 ordinis
1118 514 1302 544 nullatenus
1328 515 1539 545 ascribantur.

287 564 331 595 Ut
349 568 456 595 autem
475 564 658 595 huiusmodi
676 568 785 595 noster
801 576 971 606 processus
995 568 1056 595 etc.
1074 568 1107 595 ut
1132 565 1163 595 in
1188 565 1243 596 illa
1262 565 1434 596 Oonradini
1460 576 1576 606 usque:
1602 565 1824 606 publicabunt.

184 617 227 646 ita
256 616 340 657 quod
364 616 546 657 Raynerius
576 615 615 646 de
640 615 753 646 Paczis
783 620 815 647 et
840 616 1055 657 Scarcalupus
1086 616 1126 646 de
1156 616 1275 647 Safena
1307 617 1442 658 predicti
1473 627 1509 647 ac
1538 616 1607 653 alii,
1639 627 1719 657 quos
1750 626 1824 657 pro-

185 678 297 698 cessus
322 668 390 709 ipse
416 671 477 698 etc.
495 678 597 708 usque
622 668 653 697 in
678 668 783 698 finem.

962 868 1046 902 681.

289 920 444 965 C'lcmens
475 933 531 964 IV
548 944 635 972 papa
667 936 775 964 coiitm
809 933 981 964 Firmanus
1017 936 1208 964 contumaces
1242 933 1568 964 eoecommzmicationis
1604 935 1632 962 et
1672 933 1827 964 interdicti

182 986 354 1017 sententias
385 986 527 1024 aliasque
551 995 670 1024 poenas
693 985 886 1024 promulgmt,
921 995 969 1016 cos
998 995 1136 1021 monens,
1167 987 1201 1015 ut
1231 984 1322 1024 infra
1346 984 1463 1025 festum
1492 986 1676 1022 pentecostes
1699 985 1826 1015 vmiiant

181 1037 318 1067 absolute
341 1036 383 1067 ad
405 1037 557 1067 »iamlam
580 1037 731 1067 ecclcsiae.
1496 1037 1587 1073 1268,
1611 1036 1692 1074 Apr.
1711 1037 1740 1066 5.

286 1096 362 1123 clem.
376 1097 424 1122 IV
434 1097 495 1130 Regl.
512 1097 565 1122 Vol.
581 1097 604 1124 I.
629 1101 688 1124 252.-
708 1096 766 1122 Lib.
779 1097 829 1128 IV,
847 1105 901 1122 cur.
918 1102 940 1123 9.
978 1097 1125 1129 Epistolam
1145 1104 1178 1122 eo:
1197 1096 1317 1129 Reyestis
1336 1095 1471 1128 descripsit
1488 1095 1515 1120 V.
1529 1095 1566 1121 CI.
1578 1095 1695 1120 Monaci.

286 1141 373 1172 Posse,
394 1141 408 1165 l.
421 1149 440 1166 cl
452 1149 480 1173 p.
496 1145 535 1172 411,
555 1150 579 1165 n.
596 1145 652 1171 61.3;
674 1140 775 1166 BFW.
790 1143 860 1166 9801.

310 1238 373 1272 Ad
406 1237 720 1272 certitudinem
757 1236 1032 1280 presentium
1068 1239 1108 1270 et
1141 1235 1395 1270 memoriam
1431 1236 1696 1269 futurorum.

286 1304 321 1334 In
344 1305 427 1334 festo
451 1303 663 1333 dedicationis
682 1302 820 1333 Basilice
839 1302 998 1343 Principis
1016 1301 1247 1343 Apostolorum
1266 1301 1470 1342 pontificatus
1490 1301 1592 1330 nostri
1609 1311 1691 1332 anno
1710 1301 1824 1330 tertio¹

182 1360 292 1387 contra
316 1355 478 1386 civitatem
505 1358 537 1385 et
561 1365 729 1385 commune
755 1354 941 1390 Firmanos,
974 1356 1182 1394 potestatem,
1211 1354 1432 1394 capitaneum,
1458 1352 1656 1383 consiliarios
1683 1355 1824 1382 ceteros-

181 1419 257 1449 que.
289 1419 346 1448 per
370 1418 450 1448 quos
475 1412 550 1437 tunc
576 1407 729 1447 temporis
755 1406 965 1445 reg-relmntur,
999 1409 1030 1435 ct
1056 1406 1142 1435 cives
1169 1405 1309 1435 civitatis
1336 1404 1503 1434 ciusdc1n²
1528 1407 1659 1445 propter
1683 1403 1825 1434 diversos

183 1460 322 1502 ipsorum
358 1469 514 1489 excessus
546 1459 686 1488 notorios
717 1462 748 1487 et
779 1458 1000 1488 contumacias
1026 1457 1215 1487 manifestas
1249 1456 1289 1486 ad
1322 1455 1480 1486 interdicti
1506 1459 1538 1485 et
1563 1455 1824 1486 excommunica-

182 1512 278 1541 tionis
303 1512 480 1541 sententias
506 1521 629 1541 necnon
650 1514 681 1540 ct.
699 1510 738 1540 ad
757 1509 947 1540 indictiones
970 1519 1126 1550 penarum
1153 1512 1184 1538 et
1209 1508 1473 1538 comminationes
1501 1507 1604 1537 varias
1630 1506 1668 1536 de
1692 1507 1825 1536 fratrum

182 1567 362 1594 nostrorum
389 1563 524 1593 consilio
551 1562 702 1602 exigente
721 1561 842 1591 iustitia
860 1561 918 1591 sub
937 1564 1026 1591 certa
1043 1561 1145 1590 forma
1163 1560 1315 1590 duximus
1335 1558 1583 1600 succedendum,
1610 1559 1693 1588 inter
1718 1562 1827 1588 cetera

181 1615 432 1656 peremptorium
463 1615 508 1644 eis
540 1614 710 1644 tcrminum
743 1613 966 1653 assignantes.
1002 1612 1083 1642 infra
1115 1622 1209 1652 quem
1239 1611 1279 1641 ad
1310 1614 1419 1640 nostra
1449 1614 1480 1639 et
1513 1610 1649 1640 ecclesie
1675 1609 1827 1640 mandata

182 1666 334 1699 redirent,
360 1670 392 1697 et
415 1666 621 1708 predicentes
647 1668 759 1705 aperte
785 1675 843 1694 nos
868 1667 979 1694 contra
1005 1674 1070 1698 eos,
1096 1664 1120 1693 si
1146 1663 1265 1693 nostris
1291 1663 1322 1692 111
1348 1662 1406 1692 1100
1426 1662 1553 1691 monitis
1578 1671 1639 1692 non
1665 1665 1825 1702 parerenn

180 1719 310 1759 gravius
337 1718 549 1759 spiritualiter
574 1721 605 1747 ct
631 1716 852 1757 temporaliter
878 1726 1096 1756 processuros.
1137 1714 1259 1745 Verum
1292 1714 1368 1754 ipsi,
1407 1713 1590 1743 rebellionis
1624 1713 1717 1742 solite
1750 1723 1823 1753 per-

182 1771 333 1800 tinaciam
359 1772 605 1811 prosequente&
631 1768 669 1798 ad
689 1771 795 1798 nostra
823 1771 855 1797 ct
879 1767 1024 1797 eiusdem
1050 1766 1187 1796 ecclesie
1214 1765 1318 1796 redire
1345 1764 1494 1795 mandata
1517 1765 1607 1794 iuxta
1631 1764 1824 1805 premissum

182 1822 280 1852 nostri
305 1832 477 1863 processus
496 1820 635 1851 edictum
657 1819 891 1850 contumaciter
908 1829 970 1848 non
990 1822 1159 1848 curarunt:
1185 1821 1319 1858 propter
1336 1816 1418 1857 quod
1440 1816 1602 1857 predictos
1619 1818 1824 1856 potestatem,

182 1874 400 1915 capitaneum,
436 1873 635 1903 consiliarios
667 1882 703 1901 ac
735 1872 827 1902 alios.
859 1882 916 1912 per
945 1881 1022 1911 quos
1054 1870 1139 1900 (licta
1169 1870 1283 1900 civitas
1309 1869 1444 1909 regitur,
1474 1871 1505 1897 et
1530 1868 1616 1898 cives
1641 1867 1741 1908 ipsius
1767 1877 1823 1896 ex-

182 1925 496 1955 communicationis.
527 1924 690 1954 civitatem
724 1933 798 1953 vero
830 1926 861 1952 et
894 1932 1063 1952 commune
1094 1921 1256 1962 predictos
1290 1931 1330 1950 ex
1356 1919 1506 1960 predictis
1532 1919 1638 1950 causis
1663 1918 1824 1949 interdicti

181 1977 408 2007 denuntiamus
435 1976 605 2007 sententiis
631 1975 813 2005 subiacere.
854 1974 895 2004 Et
920 1973 1148 2004 nichilominus
1174 1976 1239 2003 tam
1265 1983 1305 2002 ex
1330 1971 1453 2002 eisdem
1478 1971 1584 2001 causis
1610 1981 1705 2010 quam
1730 1972 1824 2000 aucta

181 2029 277 2059 etiam
309 2039 349 2059 cx
382 2028 622 2058 continuatione
655 2027 797 2068 ipsorum
827 2026 1031 2056 contumacia
1060 2025 1213 2065 exigente
1244 2024 1275 2054 in
1308 2028 1385 2053 eosa
1415 2023 1454 2052 <le
1485 2032 1566 2052 novo
1597 2022 1718 2052 similes
1749 2031 1821 2051 sen-

180 2081 298 2111 tentias
328 2080 587 2121 promulgamuS,
623 2079 786 2108 civitatem
821 2082 852 2108 et
883 2078 969 2107 cives
1003 2076 1133 2107 eosdem
1163 2076 1248 2106 omni
1280 2076 1348 2105 iure
1378 2074 1616 2105 communitatis
1649 2073 1716 2103 sive
1752 2073 1822 2102 uni-

180 2131 341 2162 versitatis
371 2131 521 2171 omnique
550 2130 681 2171 imperio
706 2133 738 2160 et
762 2128 983 2159 iurisdictione
1012 2132 1077 2158 tam
1102 2128 1133 2157 111
1158 2127 1287 2157 civitate
1312 2127 1383 2167 ipsa
1407 2136 1501 2166 quam
1527 2128 1620 2155 extra
1642 2134 1767 2154 necnon
1792 2126 1824 2154 et

180 2183 327 2213 districtu
354 2182 523 2223 temporali
556 2182 721 2223 privantes
746 2187 777 2211 et
802 2191 932 2210 manere
963 2179 1178 2210 decernentes
1203 2179 1272 2219 ipso
1296 2178 1381 2208 facto
1407 2178 1560 2218 privatos.
1607 2175 1701 2206 Bona
1725 2175 1822 2205 etiam

180 2234 324 2275 ipsorum
354 2234 487 2264 mobilia
515 2233 665 2264 fidelibus
696 2233 853 2263 universis
886 2232 1078 2273 exponimus
1112 2231 1152 2261 ab
1182 2230 1260 2271 ipsis
1286 2230 1416 2271 impune
1442 2239 1478 2259 ac
1502 2228 1602 2259 libere
1627 2226 1821 2268 occupanda,

180 2296 336 2327 personas
367 2285 540 2316 eorundem
573 2285 689 2315 civium
727 2285 806 2315 citra
840 2287 975 2314 mortem
1013 2286 1044 2313 et
1081 2282 1314 2312 mutilationem
1350 2280 1574 2311 nichilominus
1609 2282 1821 2320 exponentes

182 2337 322 2368 Eosdem
348 2337 482 2378 insuper
509 2337 672 2367 civitatem
704 2339 735 2366 et
766 2336 852 2366 cives
885 2335 1075 2376 privilegiis,
1107 2333 1311 2364 libertatibus
1342 2336 1373 2362 et
1401 2332 1514 2373 gratiis
1539 2331 1726 2373 apostolicis
1750 2330 1821 2359 uni-

180 2389 281 2419 versis
307 2389 469 2430 privamus
495 2393 526 2418 et
557 2388 697 2429 privatos
727 2398 798 2418 esse
826 2388 969 2417 volumus
995 2386 1140 2416 similiter
1164 2386 1234 2426 ipso
1259 2384 1360 2419 facto,
1393 2383 1617 2414 nichilominus
1643 2384 1821 2412 statuentes

180 2445 213 2470 ut
246 2441 350 2470 nullus
382 2441 520 2481 ipsorum
558 2440 673 2469 civium
707 2439 746 2469 ad
782 2439 990 2479 potesturiam
1026 2438 1075 2467 vel
1109 2435 1237 2477 aliquod
1272 2435 1357 2465 aliud
1391 2436 1531 2465 officium
1569 2433 1732 2475 publicum
1768 2438 1822 2462 aut

282 2556 305 2581 ἢ)
326 2552 361 2576 eis
375 2551 406 2575 B.

284 2620 308 2646 l')
330 2620 362 2644 A.
378 2622 445 2649 1267,
472 2617 538 2643 Nor.
554 2623 590 2643 18.
679 2620 705 2644 2]
728 2617 806 2650 Cslp.
824 2621 886 2649 554,
917 2620 969 2642 notr
985 2621 1003 2642 1.
1040 2616 1102 2642 Posi
1125 2618 1230 2641 mortem
1250 2615 1391 2646 Mrem-edit
1413 2614 1535 2640 ecclesiae
1558 2621 1583 2639 se
1601 2613 1749 2639 submisisse
1768 2621 1822 2638 non

180 2663 310 2688 ridentur.
350 2662 448 2688 Primi,
475 2661 564 2694 11110ιίιί
582 2661 691 2692 scimus,
716 2662 840 2692 sacrant.
866 2660 911 2692 qni
931 2659 1115 2685 Gonradinant
1141 2658 1319 2684 adrocarnn&
1346 2658 1466 2683 Pottlzast
1488 2660 1583 2685 19843:
1608 2657 1743 2687 σ[”.19902.
1781 2655 1822 2681 Dc

179 2705 263 2738 capite
288 2713 376 2730 cm‘um
400 2704 548 2730 Laurentio
571 2704 679 2736 Teupoli
699 2703 794 2728 Veneto
819 2704 852 2734 cf.
867 2703 920 2728 Del
940 2702 1066 2735 Giudicc,
1096 2701 1157 2727 Cod.
1171 2701 1234 2733 dipl.
1249 2704 1266 2727 t.
1282 2701 1327 2733 ΙΙ]
1357 2710 1382 2733 p.
1397 2706 1438 2733 9⁹,
1469 2702 1518 2725 not.
1535 2703 1550 2725 2
1573 2702 1596 2725 ct
1620 2699 1820 2731 15011ίννηιαπΙιαν,

179 2749 194 2773 Ι.
207 2756 227 2773 c.
240 2757 267 2780 p.
280 2752 336 2779 543,
358 2750 410 2773 not.
425 2750 465 2772 22.
