2106 2979
287 92 345 120 700
844 84 891 110 Ex
912 82 1114 110 CLEMENTIS
1136 83 1170 108 [v
1186 82 1365 108 REGISTRO

285 175 556 206 demonstratione
592 175 762 203 testantur.
818 170 949 202 Decens
979 170 1125 211 profecto
1159 170 1260 200 fuisse
1297 179 1468 200 censemus
1502 172 1534 199 et
1570 168 1713 200 debitum
1743 168 1865 199 Urbem
1900 172 1931 198 et

284 227 381 257 Urbis
407 226 528 256 incolas
553 225 664 265 gratiis
690 223 805 254 muniri
822 222 1000 263 magnificis
1027 225 1059 252 ct
1081 221 1175 252 donis
1199 221 1390 252 sublimibus
1415 220 1569 259 decorari,
1595 231 1690 262 quam
1708 221 1930 261 apostolorum

286 279 445 319 sanguine
478 280 700 307 consecratam
738 285 878 316 superna
908 274 1078 304 elementia
1115 273 1227 303 statuit
1259 276 1356 313 caput
1385 272 1485 311 orbis,
1526 272 1710 302 constitutis
1739 271 1815 302 inibi
1845 271 1930 301 sedis

285 329 463 372 apostolice
496 328 656 369 precipuis
694 326 922 357 fundamentis.
981 325 1036 355 Hii
1069 329 1142 355 sunt
1176 325 1295 361 incole,
1329 324 1415 354 soliti
1446 323 1557 354 sedem
1588 325 1691 365 ipsam
1720 323 1930 354 veneratione

285 382 394 413 debita
419 381 543 415 colere,
569 379 690 410 fructus
717 379 745 409 ei
770 378 951 409 devotionis
977 376 1165 418 impendere
1190 387 1227 406 ac
1252 377 1282 406 in
1307 375 1560 406 adversitatibus
1585 375 1750 406 ferventer
1774 375 1929 405 assistere

288 434 385 464 veluti
410 433 523 473 vigiles
557 435 589 461 et
620 430 772 461 indefessi
798 429 957 460 libertatis
990 429 1212 459 ecclesiastice
1242 428 1441 459 defensores,
1471 427 1562 458 euius
1588 426 1808 468 promovendo
1834 436 1931 467 nego-

288 486 365 516 tium
392 484 589 525 temporibus
615 482 779 524 oportunis
805 482 969 522 proprium
994 480 1045 521 agi
1068 480 1270 510 commodum
1295 479 1500 520 reputabant.
1540 478 1620 509 Inde
1639 479 1683 510 fit.
1709 479 1793 520 quod
1812 483 1931 520 quanto

286 537 358 566 filiis
385 536 495 566 matris
520 535 716 565 liberalitate
742 534 898 564 maiorum
923 533 1125 563 incrementa
1158 542 1325 562 munerum
1358 535 1592 572 provenerunt,
1625 535 1713 561 tanto
1746 531 1875 572 gravius
1901 535 1933 561 et

285 588 486 618 indecentius
504 587 648 617 veritatis
666 585 784 616 iudicio
807 586 960 619 cernitur,
987 584 1012 614 si
1037 595 1095 625 per
1119 594 1174 613 cos
1199 583 1311 613 honori
1336 586 1563 623 compensetur
1587 582 1794 623 obprobrium
1821 586 1852 613 et
1876 594 1932 624 pro

285 639 448 670 beneficiis
474 638 693 679 rependantur
717 637 857 673 offense,
891 647 909 666 a
934 646 1068 677 quorum
1093 635 1205 676 gratiis
1236 645 1366 665 manum
1395 638 1499 665 mater
1522 634 1656 675 provida
1679 645 1741 665 non
1766 634 1930 673 subduxit,

285 692 460 732 quinimmo
487 700 587 720 novas
613 689 793 720 liberaliter
819 688 915 718 adicit
941 691 972 718 et
996 687 1099 718 munit
1124 687 1237 717 robore
1263 686 1515 717 confirmationis
1541 686 1698 727 antiquas.

386 742 474 772 Inter
498 742 561 772 alia
586 751 724 782 quoque,
749 751 807 771 nec
833 740 961 773 mirum,
986 739 1117 779 grandis
1143 743 1175 769 et
1200 738 1346 768 miranda
1371 749 1469 769 causa
1494 738 1586 768 nobis
1610 738 1802 768 turbationis
1828 749 1932 769 emcr-

285 794 375 824 sitae
393 793 512 824 doloris
537 793 679 835 perfodit
703 793 817 823 aculeo
836 795 976 822 mentem
1002 795 1155 825 nostram,
1181 790 1264 831 quod
1290 801 1359 820 cuni
1379 789 1607 823 Conradinum,
1633 789 1796 830 dampnati
1815 789 1933 830 stipitis

285 846 464 882 surculum,
495 845 619 875 hostem
653 844 790 875 ecclesie
823 843 1048 878 manifestum,
1080 852 1254 882 omnesque
1285 842 1447 874 fautores,
1479 841 1681 871 consiliarios
1713 844 1744 871 ct
1768 841 1932 871 adiutores

286 897 386 938 ipsius
413 896 758 927 excommunicationis
782 895 945 926 sententia
970 894 1311 936 publice-duxerimus
1336 893 1545 929 innodandos,
1571 892 1655 933 quod
1680 892 1719 922 ad
1744 896 1929 922 cunctorum

285 949 439 982 fidelium,
465 949 604 979 maxime
622 948 853 979 Romanorum,
876 947 979 988 potuit
996 946 1139 976 notitiam
1160 945 1339 987 pervenire,
1363 944 1529 975 Galvanus
1546 944 1707 977 Lancea¹,
1733 943 1933 974 maledictio-

284 1001 333 1031 nis
359 1001 442 1031 filius
466 1000 505 1031 ab
531 1001 605 1031 olim
632 1000 712 1030 viam
738 999 975 1040 dampnationis
1001 999 1174 1039 ingressus,
1201 997 1345 1028 eiusdem
1369 995 1544 1027 Com-adini
1567 995 1692 1027 vexillis
1717 996 1879 1036 explicitis
1904 999 1935 1026 et

286 1053 402 1083 erectis
420 1052 540 1083 Urbem
564 1052 758 1093 ingrediens,
784 1061 885 1092 usque
904 1050 1102 1080 Lateranum
1120 1060 1138 1079 a
1154 1048 1310 1079 Romanis
1328 1058 1482 1089 pomposo
1507 1048 1593 1078 fastu
1612 1047 1671 1077 sibi
1690 1047 1934 1078 occurrentibus

285 1104 413 1134 obviam
433 1104 543 1134 habita
560 1104 708 1134 comitiva
729 1103 887 1144 pervenit,
907 1101 1093 1142 multiplicis
1112 1101 1242 1131 honoris
1261 1100 1462 1130 exhibitione
1480 1098 1692 1140 preventus2:
1718 1099 1807 1129 cuius
1837 1098 1933 1129 iidem

284 1156 422 1186 Romani
448 1155 626 1186 debuerant
650 1155 834 1189 adventum,
862 1165 900 1185 ne.
926 1154 1116 1194 contagione
1142 1153 1382 1183 macularentur
1407 1152 1518 1193 ipsius,
1544 1151 1649 1192 potius
1674 1151 1850 1192 aspernari.
1890 1150 1933 1181 Et

285 1208 424 1248 quidem,
451 1218 521 1238 eum
548 1211 613 1237 tam
638 1206 838 1237 detestabilis
864 1209 895 1236 et
919 1204 1097 1236 horrendus
1122 1215 1286 1238 excessus,
1313 1204 1405 1234 nobis
1424 1207 1455 1233 et
1475 1203 1628 1234 fratribus
1652 1203 1771 1233 nostris
1795 1202 1936 1237 odibilis,

285 1259 479 1290 innotuisset
504 1263 569 1289 tam
594 1259 735 1289 senatori
761 1268 856 1299 quam
882 1257 1015 1290 civibus,
1042 1257 1114 1297 ipsi,
1140 1267 1202 1286 non
1227 1260 1262 1286 ut
1283 1255 1390 1286 decuit
1408 1255 1592 1296 penitentes
1612 1255 1738 1288 erroris,
1765 1254 1821 1285 scd
1839 1265 1934 1285 exce-

284 1311 390 1341 dendo
416 1311 567 1341 lascivius
593 1313 759 1351 patrantes
784 1310 935 1351 graviora
959 1309 1136 1350 prioribus,
1171 1308 1330 1349 prefatum
1357 1307 1536 1337 Galvanum
1570 1306 1609 1336 ad
1639 1316 1748 1337 eorum
1774 1305 1877 1344 ludos,
1902 1310 1937 1337 ut

286 1363 363 1404 ipsis
383 1363 543 1395 illuderet,
569 1363 751 1392 venientem
769 1373 832 1392 non
853 1362 956 1392 solum
974 1361 1053 1402 pari,
1079 1360 1135 1390 sed
1158 1360 1269 1390 maiori
1294 1359 1391 1395 fastu,
1416 1359 1498 1389 sicut
1522 1359 1716 1399 accepimuS,
1743 1361 1937 1398 receperunt

286 1418 318 1445 et
346 1415 587 1445 munificentius
618 1414 827 1445 honorarunt.
885 1413 965 1448 Quis
994 1413 1092 1453 igitur
1122 1411 1271 1442 admirari
1301 1411 1466 1441 sufficeret
1490 1410 1602 1441 urbem
1626 1413 1692 1440 tam
1717 1409 1931 1449 magnificam,

287 1467 383 1497 tantis
400 1466 542 1496 dotatam
561 1467 637 1496 viris
654 1465 878 1507 prudentibus,
904 1465 979 1495 viris
999 1464 1169 1494 devotione
1188 1463 1377 1504 conspicuis,
1403 1463 1479 1492 viris
1504 1462 1560 1492 alti
1586 1462 1721 1497 consilii,
1748 1461 1792 1491 sic
1817 1461 1934 1503 impro-

287 1518 370 1555 vide,
392 1519 437 1548 sic
456 1518 617 1553 indevote,
636 1519 680 1548 sic
698 1517 877 1548 inconsulte
897 1516 1065 1557 dilapsam,
1090 1520 1124 1546 ut
1140 1526 1201 1545 non
1220 1516 1321 1545 solum
1341 1515 1442 1545 vitare
1461 1514 1618 1555 despiciat
1635 1513 1742 1543 divine
1761 1513 1938 1543 maiestatis

287 1570 444 1601 offensam
475 1573 529 1600 aut
560 1569 643 1600 dicte
674 1570 784 1599 matris
815 1569 962 1599 iniuriam
993 1571 1025 1598 et
1054 1567 1241 1598 discrimen,
1278 1577 1388 1596 verum
1421 1566 1517 1596 etiam
1547 1565 1632 1596 fame
1668 1564 1813 1606 proprie,
1848 1565 1937 1595 cuius

287 1622 392 1662 gloria
417 1622 675 1652 inextricabilem
707 1632 765 1662 per
795 1620 854 1650 hoc
883 1620 1038 1661 probatur
1070 1619 1216 1660 recipere
1247 1618 1423 1653 maculam,
1456 1616 1661 1658 dispendium
1692 1626 1755 1646 non
1784 1615 1936 1650 advertit,

287 1673 383 1704 dueta
417 1673 644 1703 miserabiliter
676 1673 705 1703 in
736 1683 877 1703 errorem
911 1672 969 1702 sub
1003 1671 1139 1712 quodam
1171 1670 1319 1700 vehiculo
1352 1669 1507 1699 cecitatis.
1570 1668 1675 1698 Huius
1711 1679 1826 1709 nempe
1863 1668 1936 1698 talis

287 1726 412 1755 eversio
438 1736 500 1755 non
527 1725 630 1755 minus
655 1735 749 1765 quam
775 1724 947 1765 dampnum
974 1718 1112 1754 ecclesie
1137 1733 1193 1752 nos
1223 1722 1335 1752 incitat
1359 1721 1398 1751 ad
1423 1720 1614 1754 dolendum,
1640 1730 1711 1750 cum
1736 1724 1880 1750 vertatur
1907 1720 1935 1749 in

288 1780 422 1817 paterne
448 1777 641 1807 sinceritatis
667 1771 849 1817 angustiam
875 1779 978 1806 status
1004 1775 1225 1805 oberrantium
1251 1774 1397 1804 filiorum.

392 1828 512 1859 Verum
544 1829 600 1869 ipsi
631 1829 784 1863 Romani,
815 1827 967 1868 predictis
998 1826 1180 1857 insolentiis
1212 1836 1274 1856 non
1307 1825 1466 1856 contenti,
1499 1823 1652 1865 quosdam
1684 1823 1763 1853 alios
1795 1822 1937 1853 eiusdem

288 1880 420 1910 nuncios
440 1880 613 1911 Conradini
632 1891 715 1913 suas,
740 1884 774 1910 ut
797 1879 990 1915 audivimus,
1016 1879 1142 1909 litteras
1160 1878 1346 1908 deferentes
1372 1876 1545 1907 honorifice
1571 1876 1716 1917 recipere
1733 1874 1937 1916 postmodum

289 1941 325 1961 ac
351 1932 396 1961 eis
422 1932 452 1961 in
478 1932 638 1973 Capitolio
664 1942 862 1972 congregare
889 1930 1058 1961 consilium
1084 1940 1145 1960 non
1173 1931 1330 1963 vitarunt,
1364 1928 1500 1959 solemni
1532 1928 1578 1957 eis
1604 1926 1769 1957 audientia
1800 1927 1937 1967 prestita

289 1993 385 2024 super
410 1984 467 2016 his,
496 1995 556 2025 que
582 1994 762 2025 proponere
787 1983 969 2013 voluerunt.
1008 1982 1080 2012 Hec
1106 1981 1236 2023 quidem
1261 1981 1447 2022 propositio.
1473 1980 1555 2009 sicut
1579 1983 1628 2009 est
1652 1979 1839 2012 verisimile,
1864 1979 1937 2008 illu-

289 2035 377 2065 sione
404 2046 464 2065 nou
491 2036 606 2066 caruit:
641 2046 713 2065 nam
740 2035 791 2065 ille
817 2034 977 2075 quondam
1002 2033 1195 2064 Fredericus
1221 2032 1353 2062 coluber
1378 2035 1560 2062 tortuosus,
1593 2030 1632 2060 dc
1658 2031 1748 2060 cuius
1775 2040 1939 2060 venenosa

290 2086 396 2116 radice
422 2087 623 2117 ‹tonradinus
649 2087 710 2117 iam
735 2086 893 2127 prodiisse
918 2086 1048 2116 videtur
1073 2086 1102 2115 in
1129 2085 1276 2125 regulum
1308 2084 1466 2124 cuiusque
1497 2082 1676 2112 doctrinam
1709 2082 1779 2111 eius
1805 2081 1937 2111 ministri

289 2137 409 2168 dolosis
434 2138 616 2168 fictionibus
648 2139 829 2174 imitantur,
863 2137 1118 2178 adulationibus,
1152 2135 1418 2177 promissionibus
1450 2138 1482 2164 et
1512 2134 1621 2164 fellitis
1646 2133 1797 2163 versutiis
1826 2132 1938 2162 fideles

289 2192 435 2219 evertere
466 2190 627 2220 nitebatur
659 2194 690 2221 et
726 2191 755 2220 in
789 2200 865 2230 agro
902 2190 1056 2219 mentium
1091 2189 1217 2219 illorum
1253 2186 1446 2228 proditionis
1480 2186 1636 2216 zizaniam
1673 2184 1867 2215 seminabat:
1904 2186 1936 2213 et

292 2242 432 2271 munitus
459 2241 601 2272 Sathane
626 2242 763 2272 furentis
789 2242 923 2274 astutia,
958 2251 1034 2282 sepe
1066 2240 1217 2271 movebat
1249 2240 1280 2269 in
1304 2238 1394 2269 Urbe
1424 2237 1607 2273 discidium,
1641 2246 1793 2278 sponsam
1820 2234 1938 2265 Christi

293 2303 411 2332 ponere
453 2297 604 2333 satagens
644 2294 674 2323 in
714 2294 853 2325 ruinam,
894 2293 984 2323 cuius
1020 2292 1228 2333 sanguinem,
1268 2290 1353 2320 illius
1393 2290 1528 2319 satiatus
1568 2288 1743 2329 angustiis,
1790 2287 1829 2317 ad
1870 2287 1938 2316 eius

293 2345 516 2374 exterminium
553 2345 693 2375 sitiebat.
751 2345 823 2375 Non
863 2348 972 2374 autem
1012 2344 1188 2381 credimus,
1229 2341 1312 2383 quod
1350 2351 1496 2371 enormes
1533 2340 1680 2372 iniurias,
1716 2337 1940 2380 irreparabilia

291 2395 437 2435 dampna.
464 2396 636 2426 cuiuslibet
660 2397 901 2426 extimationem
927 2395 1119 2426 excedentia
1138 2394 1243 2436 pretii,
1268 2397 1300 2424 ct
1324 2397 1451 2423 atroces
1476 2392 1627 2423 offensas.
1653 2401 1714 2432 que
1739 2390 1843 2420 dictus
1860 2389 1936 2419 Fre

292 2446 416 2476 dericus
442 2447 595 2477 Romanis
626 2448 786 2478 hostiliter
815 2448 941 2478 intulit.
977 2450 1070 2489 prout
1098 2449 1236 2486 anguste
1260 2444 1436 2475 obsidionis
1465 2443 1670 2485 opprobrium
1704 2445 1735 2471 ct
1765 2442 1936 2472 multorum

293 2498 484 2533 meniorum,
517 2503 696 2529 castrorum
727 2510 764 2530 ac
792 2500 925 2529 turrium
956 2499 1154 2529 memorialis
1187 2497 1355 2528 subversio
1384 2498 1605 2537 representat,
1638 2497 1745 2535 preter
1769 2494 1938 2523 innumera

293 2550 425 2581 seelera,
451 2550 564 2589 quibus
590 2551 626 2581 ad
656 2552 731 2581 iram
758 2554 869 2581 eontra
895 2562 928 2582 se
954 2562 990 2582 ac
1016 2551 1237 2591 posteritatem
1263 2559 1354 2578 suam
1373 2548 1545 2578 Dominum
1564 2545 1760 2588 provocavit,
1786 2545 1840 2575 illa
1865 2555 1935 2585 pro-

398 2687 420 2715 1)
440 2686 481 2711 De
505 2686 549 2711 hos
573 2688 604 2718 es.
626 2688 739 2713 michas!
761 2693 850 2718 19:393,
881 2692 964 2717 19:62¹,
993 2691 1073 2716 19765,
1104 2690 1200 2714 1939;’.;
1232 2685 1331 2711 RFW.
1355 2688 1428 2710 9751.
1523 2684 1549 2715 2>
1572 2684 1604 2708 A.
1621 2686 1692 2711 1:167,
1720 2682 1773 2707 Oct.
1790 2686 1833 2708 μκ-
1865 2681 1937 2706 Post-

292 2728 348 2752 hast
370 2733 461 2758 201412·
481 2731 513 2760 cf.
528 2734 617 2756 20163.

1985 642 2008 660 10

1987 900 2008 916 15

1985 1160 2010 1179 20

1987 1422 2010 1441 25

1992 1681 2016 1699 30

1991 1940 2014 1957 :15

1988 2197 2013 2214 40
