2106 2979
60 657 81 674 1¹)

59 915 79 932 15

56 1175 80 1191 ⁴:o

57 1694 81 1711 30

57 2212 81 2229 Δ11)

57 2536 80 2553 45

58 2742 82 2759 50

700 94 897 120 EPISTOLAE
917 94 1107 122 sELEGTAE.
1146 96 1218 123 1264.
1721 100 1781 129 623

134 181 212 212 licet
236 184 301 211 tam
327 182 471 222 tempore
489 181 592 212 felicis
611 180 844 212 recordationis
860 180 1042 211 Alexandri
1060 192 1144 223 pape
1162 182 1402 223 predecessoris
1428 185 1527 214 nostri
1553 195 1647 226 quam
1673 187 1781 215 nostro

135 231 175 263 ad
211 231 386 262 sedandam
423 233 663 263 contentionem
702 233 804 274 ipsam
841 232 925 263 sedis
964 233 1142 273 apostolice
1181 234 1419 275 circumspecta
1454 236 1597 276 provisio
1634 235 1780 266 diversos

136 283 326 324 exquisierit
343 283 454 313 modos
476 287 507 314 et
524 284 602 320 vias,
621 287 653 314 et
670 288 852 325 propterea,
871 284 1070 314 voluntatem
1090 285 1119 314 in
1138 285 1197 315 hoc
1216 285 1442 317 nichilominus
1460 288 1608 328 partium,
1627 298 1781 328 expresse

134 335 261 375 litigare
286 345 320 365 se
344 335 429 366 nolle
455 335 647 371 dicentium,
679 335 919 377 prosequendo,
951 335 1113 366 distulerit
1139 336 1223 367 inter
1247 347 1301 367 eas
1327 337 1442 368 iudicis
1467 341 1576 379 partes
1603 349 1780 375 assumere,

135 386 209 427 quia
232 389 340 417 tamen
366 385 395 416 id
420 387 510 417 iuxta
535 387 634 427 ipsius
659 387 747 417 sedis
773 386 935 417 desideria
960 387 1131 428 provenire
1157 398 1219 418 non
1244 389 1360 429 potuit,
1397 389 1527 421 tandem
1554 394 1781 431 procuratores

135 438 304 469 memorati
340 438 426 478 regis
457 438 600 469 Castelle
637 439 666 469 in
702 442 811 469 nostra
845 444 877 469 et
912 439 1048 469 fratrum
1083 442 1264 469 nostrorum
1296 441 1463 471 constituti
1500 443 1664 482 presentia
1698 442 1782 472 inter

135 493 245 520 cetera
280 500 350 520 cum
382 490 535 520 instantia
565 490 767 532 postularunt
797 491 856 531 ipsi
889 491 955 531 regi
988 494 1176 521 consuetum
1211 492 1355 522 favorem
1388 496 1419 522 et
1444 492 1586 524 debitam
1613 494 1643 524 in
1669 494 1780 524 huius-

133 541 218 572 modi
235 542 364 582 negotio
382 542 536 572 iustitiam
554 542 711 575 exhiberi.
737 546 964 583 procuratores
982 553 1056 572 vero
1080 543 1249 573 memorati
1268 543 1419 574 Riccardi
1445 545 1541 575 simili
1562 545 1717 586 petitione
1744 556 1780 575 ac

134 593 293 624 nonnullis
318 593 389 623 aliis
414 594 589 635 premissis,
615 604 675 634 que
702 594 859 634 putabant
878 605 934 624 sue
954 594 1122 624 intentioni
1149 605 1338 635 congruere,
1363 596 1550 626 obtulerunt
1567 597 1635 627 eius
1650 597 1780 628 nomine

134 656 168 676 se
204 648 348 686 paratos.
383 650 536 686 quantum
563 645 719 677 mandati.
756 645 839 686 1111011
872 646 912 676 ab
944 646 1058 676 eodem
1089 645 1125 676 R.
1158 646 1337 681 habebant,
1376 658 1410 677 se
1442 648 1525 678 vires
1556 648 1781 684 extenderent,

134 697 271 727 ecclesie
298 696 443 727 Romane
469 707 505 727 ac
531 700 675 727 nostrum
700 697 807 728 subire
834 697 996 731 iudicium,
1022 698 1047 727 si
1069 698 1138 738 quis
1157 698 1291 728 forsitan
1316 704 1498 740 appareret,
1523 701 1574 740 qui
1594 711 1667 731 eum
1685 711 1782 742 super

133 749 300 790 premissis
319 749 415 779 vellet
438 749 594 790 impetere
619 752 674 779 aut
697 749 818 790 aliquid
844 760 1035 790 proponere,
1061 761 1118 790 per
1143 750 1227 790 quod
1252 754 1364 791 posset
1389 751 1418 781 ei
1443 751 1655 792 preiudicium
1680 763 1780 792 gene-

134 801 205 831 rari.
260 800 328 831 Nos
358 804 481 833 autem.
516 801 691 831 eorundem
725 802 903 831 electorum
936 801 1155 834 001100111111111,
1180 806 1343 843 tamquam
1374 803 1432 833 toti
1463 803 1580 833 mundo
1610 803 1781 844 perutilem

134 852 292 893 nobisque
317 863 353 882 ac
380 853 439 893 ipsi
465 853 602 883 ecclesie
628 852 774 883 Romane
800 853 948 888 votivam,
981 856 1011 883 et
1036 853 1204 894 pacificam
1230 853 1365 894 predicti
1397 854 1631 885 ordinationem
1657 855 1781 896 imperii

133 904 234 934 multo
259 903 484 935 desiderantes
516 905 648 941 affectu,
684 904 938 935 deliberavimus
969 905 1013 934 sic
1045 905 1194 946 petitioni
1228 905 1413 936 exhibendo
1447 907 1582 941 iustitie,
1616 907 1655 937 ad
1687 917 1781 947 quam

131 956 270 997 partium
306 956 460 986 instantia
492 967 548 987 nos
581 957 735 997 cogebat,
772 967 927 988 annuere.
964 957 1045 997 quod
1080 960 1235 987 tractatus
1268 957 1455 994 concordie,
1492 958 1531 988 ad
1562 969 1642 999 quos
1674 962 1784 988 nostra

133 1008 317 1049 suspirabat
351 1012 381 1038 et
413 1008 518 1039 adhuc
550 1009 690 1049 suspirat
724 1009 878 1041 intentio.
910 1019 1112 1049 nequaquam
1142 1009 1293 1039 deserere
1324 1009 1515 1040 videremur.
1571 1009 1613 1040 Et
1642 1010 1712 1040 ideo
1743 1009 1783 1040 ad

134 1059 266 1090 eosdem
291 1060 412 1090 electos
438 1060 567 1090 nuntios
593 1064 731 1095 nostros,
757 1061 809 1101 qui
836 1072 892 1091 eos
918 1060 957 1091 ad
981 1061 1068 1101 pacis
1094 1061 1252 1091 unitatem
1278 1061 1478 1092 inducerent.
1504 1061 1655 1091 duximus
1682 1061 1781 1091 desti-

133 1111 257 1142 nandos
290 1123 324 1142 ac
354 1112 442 1152 ipsos
475 1112 702 1142 nichilcjuninus
732 1112 770 1142 de
803 1112 1020 1153 predictorum
1060 1113 1193 1142 fratrum
1226 1113 1360 1143 consilio
1395 1124 1453 1154 per
1485 1112 1615 1143 eosdem
1655 1113 1782 1142 nuntios

133 1164 233 1194 citare
259 1164 411 1197 fecimus,
440 1168 474 1194 ut
505 1163 644 1194 secundo
669 1163 720 1194 die
746 1165 865 1194 mensis
890 1164 966 1194 Maii
992 1165 1137 1205 proximo
1164 1165 1310 1205 preteriti
1336 1165 1512 1205 apostolico
1537 1165 1722 1205 conspectui
1748 1174 1781 1193 sc

132 1226 189 1256 per
222 1220 448 1256 procuratores
483 1215 615 1246 idoneos
647 1220 888 1257 presentarent.
925 1217 975 1257 qui
1013 1227 1122 1246 eorum
1160 1216 1359 1247 conscientie
1392 1217 1511 1247 conscii
1542 1216 1719 1257 legitimum
1752 1219 1783 1246 ct

132 1268 264 1308 plenum
289 1267 474 1298 mandatum
501 1268 540 1298 ab
566 1268 643 1309 ipsis
675 1268 832 1298 haberent
856 1267 897 1298 ad
922 1268 1009 1308 pacis
1040 1270 1230 1302 tractatum,
1263 1267 1289 1297 si
1315 1267 1473 1299 Dominus
1498 1268 1704 1303 concederet,
1735 1268 1781 1297 in-

133 1318 283 1356 eundum,
310 1322 340 1349 et
365 1319 405 1350 ad
430 1319 668 1360 procedendum
695 1320 726 1350 in
751 1320 820 1361 ipso
853 1320 998 1360 negotio,
1034 1323 1127 1361 prout
1160 1319 1273 1349 honori
1306 1320 1445 1350 ecclesie
1475 1331 1511 1351 ac
1542 1322 1678 1362 pensata
1709 1319 1782 1349 talis

132 1373 163 1400 et
187 1371 268 1401 tanti
294 1371 482 1401 condicione
518 1372 638 1413 negotii
663 1371 819 1413 expedire
857 1372 925 1401 sine
961 1372 1085 1402 offensa
1118 1371 1237 1401 iustitie
1264 1371 1463 1407 videremus,
1497 1372 1579 1402 sicut
1607 1372 1638 1402 in
1668 1371 1783 1401 litteris

132 1422 250 1453 nostris
275 1433 372 1464 super
397 1423 604 1454 citationibus
631 1424 786 1454 confectis
811 1423 992 1453 huiusmodi
1016 1423 1141 1464 plenius
1167 1423 1380 1454 continetur¹.

236 1474 442 1506 Adveniente
467 1485 542 1506 vero
572 1475 710 1506 termino
743 1478 922 1505 memorato
957 1478 989 1505 et
1019 1484 1075 1516 pro
1108 1474 1224 1505 eodem
1249 1474 1287 1505 R.
1312 1475 1441 1506 nemine
1472 1477 1680 1516 comparente
1712 1485 1783 1504 cum

134 1527 306 1557 sufficienti
331 1526 482 1557 mandato
508 1527 547 1557 ad
573 1538 624 1564 ea,
662 1537 723 1568 que
750 1527 780 1557 111
806 1526 963 1568 premisso
997 1526 1204 1556 continentur
1234 1526 1397 1556 citationis
1430 1526 1556 1565 edictO,
1588 1526 1783 1557 venerabilis

133 1579 231 1609 frater
255 1582 365 1609 noster
388 1578 546 1609 Martinus
572 1579 785 1620 Legionensis
811 1579 984 1620 episcopus
1016 1582 1047 1608 et
1072 1577 1181 1608 dilecti
1214 1578 1270 1608 filii
1296 1579 1443 1618 magistri
1469 1578 1630 1609 Iohannes
1655 1578 1783 1608 Alfonsi

133 1631 321 1672 capellanus
345 1634 465 1665 noster,
490 1631 734 1661 archidiaconus
754 1630 1068 1671 Compostellanus2.
1095 1634 1126 1660 et
1143 1629 1333 1670 Radulphus
1358 1629 1397 1660 de
1416 1629 1517 1660 Podio
1535 1629 1670 1660 Βο111Ζ13
1696 1640 1782 1660 00111-

133 1686 284 1724 parentes
303 1693 359 1724 pro
379 1682 491 1713 eodem
516 1693 593 1723 rege
611 1694 646 1713 ac
666 1683 724 1713 sub
743 1683 848 1722 sigillo
875 1682 974 1723 ipsius
994 1682 1116 1712 litteras
1142 1681 1335 1711 exhibentes
1349 1682 1370 1717 4,
1395 1692 1454 1722 per
1478 1692 1556 1722 quas
1582 1685 1647 1712 tam
1672 1691 1782 1712 corum

134 1735 251 1775 singuli
269 1745 364 1775 quam
383 1735 576 1765 venerabilis
601 1734 700 1765 frater
724 1738 835 1764 noster
852 1732 995 1775 (1111101111
1016 1733 1173 1764 Silveusis
1192 1733 1364 1774 episcopus
1383 1736 1620 1774 procuratores,
1645 1736 1782 1767 actores,

134 1787 335 1827 negotiorum
353 1790 498 1827 gestores
524 1786 650 1827 abipso
676 1797 752 1827 rege
779 1786 1016 1816 constituuntur
1041 1788 1073 1815 et
1097 1785 1287 1815 ordinantur
1311 1785 1343 1814 in
1368 1784 1515 1822 solidum,
1542 1785 1586 1814 ita
1610 1784 1695 1825 quod
1719 1795 1782 1814 non

134 1838 173 1868 sit
198 1837 338 1868 conditio
364 1838 475 1868 melior
500 1838 702 1879 occupantis,
728 1837 766 1868 ad
791 1837 966 1878 petendum
992 1848 1010 1867 a
1035 1836 1126 1867 nobis
1152 1836 1280 1877 imperii
1304 1846 1469 1871 eoronam,
1495 1847 1589 1877 quam
1616 1835 1700 1866 idem
1727 1846 1783 1866 rex

134 1889 195 1919 sibi
220 1889 362 1920 debitam
388 1890 514 1922 asserit.
542 1893 572 1920 et
597 1889 635 1920 ad
662 1889 840 1930 agendum,
866 1888 1136 1930 respondendum,
1162 1887 1403 1918 defendendum
1428 1891 1460 1918 et
1484 1887 1686 1918 tractandum
1713 1887 1783 1918 iura

134 1952 192 1971 sua
217 1942 342 1982 imperii
367 1952 403 1971 ac
434 1942 542 1971 onmia
569 1942 690 1971 factum
723 1941 826 1982 ipsum
860 1940 1096 1981 contingentia,
1133 1942 1165 1969 et
1198 1939 1348 1980 quicquid
1379 1939 1492 1969 honori
1525 1939 1668 1969 eiusdem
1698 1940 1783 1979 regis

135 1993 290 2034 expedire
318 1993 474 2029 viderent,
501 1994 568 2023 sive
595 1994 623 2023 in
650 1993 810 2023 ordinario
835 1993 902 2022 sive
928 1993 959 2022 111
985 1991 1243 2022 extraordinario
1270 1990 1387 2021 iudicio
1413 1994 1579 2031 ageretur,
1612 1991 1697 2021 inter
1721 1991 1784 2021 alia

133 2045 296 2086 petierunt
321 2046 481 2086 prefatum
509 2056 618 2086 regem
645 2045 683 2075 ad
710 2044 951 2085 suscipiemlum
978 2043 1018 2073 de
1043 2044 1160 2073 nostris
1179 2042 1326 2072 manibus
1353 2042 1478 2083 imperii
1504 2042 1652 2072 diadema
1676 2043 1783 2073 vocari

133 2100 165 2127 et
188 2098 280 2127 iuxta
305 2097 476 2138 petitiones
503 2097 582 2127 alias
609 2100 775 2138 porrectas
801 2096 841 2126 ab
866 2096 943 2137 ipsis
969 2100 1001 2125 et
1026 2096 1056 2125 in
1082 2098 1188 2124 nostra
1215 2098 1247 2124 et
1271 2094 1446 2124 eorundem
1466 2094 1599 2124 fratrum
1617 2095 1784 2135 presentia

134 2149 288 2189 repetitas
315 2149 345 2178 in
371 2149 500 2189 negotio
527 2149 671 2190 predicto
696 2148 842 2189 procedi.
868 2147 1003 2177 {alvei-se
1027 2147 1127 2187 partis
1152 2146 1302 2176 absentia
1326 2156 1388 2175 non
1414 2146 1580 2183 obstante,
1614 2146 1783 2187 presertim

135 2211 206 2230 cum
231 2200 331 2230 nichil
355 2201 394 2230 ab
425 2201 495 2241 ipsa
528 2204 696 2241 peterent,
734 2199 791 2230 sed
829 2199 868 2229 ad
902 2198 1142 2229 exauditionem
1180 2198 1346 2239 petitionis
1378 2208 1434 2227 sue
1464 2202 1608 2228 nostrum
1641 2198 1782 2228 officium

133 2252 355 2293 implorarent.

237 2303 360 2334 Verum
386 2303 494 2334 dilecti
519 2303 575 2333 filii
601 2303 747 2343 magistri
773 2302 969 2333 Guillelmus
995 2301 1159 2331 Roffensis
1190 2300 1437 2330 archidiaconus
1467 2304 1499 2331 et
1524 2300 1717 2332 Guillelmus
1743 2301 1782 2332 de

133 2356 289 2387 Corneria
315 2355 474 2396 capellani
499 2355 599 2385 nostri
625 2359 657 2385 et
680 2355 844 2385 Robertus
869 2354 909 2384 de
934 2353 1037 2385 Baro,
1068 2353 1120 2393 qui
1151 2352 1231 2382 alias
1265 2362 1321 2393 pro
1347 2351 1461 2382 eodem
1488 2351 1646 2382 Riccardo
1672 2353 1781 2383 huius-

133 2407 219 2438 modi
246 2407 411 2447 negotium
438 2407 566 2437 fuerant
597 2407 789 2447 prosecuti5.
822 2405 1013 2447 quibusdam
1045 2404 1198 2434 exhibitis
1227 2414 1283 2444 pro
1314 2403 1382 2444 ipso
1413 2404 1626 2434 excusatoriis
1655 2405 1783 2439 litteris,

238 2520 260 2547 1)
282 2517 322 2549 Cf.
338 2527 362 2544 n.
379 2521 435 2543 560.
507 2519 532 2545 2)
556 2517 667 2542 obtentu
682 2517 739 2542 01115
749 2517 841 2549 pratia
851 2516 964 2549 pupuli-s
978 2524 1002 2541 11.
1019 2519 1087 2547 1264,
1107 2516 1175 2547 Any.
1191 2518 1235 2542 213.-
1255 2514 1308 2539 Vol.
1325 2513 1543 2548 1V[beneficia],
1557 2514 1575 2546 f.
1589 2517 1645 2547 332,
1660 2522 1698 2546 ep.
1713 2517 1782 2540 1780.

134 2562 159 2592 3>
182 2561 264 2586 Hunc
278 2569 355 2594 papa.
373 2570 399 2586 (1,
417 2564 484 2592 1264,
505 2560 589 2585 Mart.
605 2565 632 2585 11
652 2559 812 2587 laudam-al,
833 2559 904 2591 quod
922 2559 970 2583 sibi
989 2561 1010 2583 01
1029 2558 1084 2583 ,omli
1097 2558 1257 2590 apostolieae
1268 2557 1352 2589 (fratis
1365 2556 1481 2582 studeret
1494 2557 1591 2582 im'rilis
1605 2558 1767 2590 complacere
1775 2564 1784 2587 ;

136 2603 300 2635 ibicl.s'.131,
330 2613 368 2637 01),
383 2607 439 2629 302.
480 2603 591 2628 Gratiae
615 2603 719 2628 obtentu.
744 2603 799 2627 cius
823 2603 871 2627 sul»
890 2603 959 2634 Ans).
974 2606 1007 2627 23
1032 2604 1054 2626 c!
1075 2605 1118 2627 25.-
1144 2600 1311 2631 1‘l1id.f.216.
1340 2608 1377 2632 cp,
1394 2603 1543 2626 9452-an
1581 2601 1784 2633 Αιᾳ].26])11]11ι

131 2647 252 2679 precibus
272 2647 403 2672 Iohannis
423 2646 453 2671 (10
476 2646 583 2671 Τιιιῖιήω
604 2646 694 2671 mmm
714 2648 737 2671 ct
755 2645 903 2677 familiaris
923 2646 987 2677 reglis
1006 2645 1120 2671 anuuit:
1141 2644 1303 2675 ib1‘11,f23.3·.1‚
1325 2652 1362 2676 cp.
1379 2648 1446 2669 1779.
1524 2645 1549 2673 4)
1572 2644 1662 2677 [faya.
1677 2653 1700 2669 (1.
1716 2647 1785 2673 1263,

135 2692 149 2721 ς’
162 2693 211 2721 301
230 2689 292 2715 RF.
307 2694 381 2715 5513:
403 2690 509 2714 ‘Actum
523 2689 610 2714 ffibilic
628 2697 683 2721 1·οςΙο
703 2689 849 2721 imperante
862 2688 926 2713 Kal.
942 2688 1020 2713 Febr.
1034 2697 1058 2714 11.
1072 2688 1149 2713 Dent.
1165 2686 1375 2712 MCCLXIII’.
1413 2687 1537 2719 Epistola
1556 2695 1610 2712 non
1628 2686 1663 2712 ml
1675 2695 1698 2712 ιι.
1714 2690 1784 2718 1263,

135 2732 187 2766 scd,
206 2733 274 2758 sieut
295 2734 401 2758 memma
423 2732 551 2765 iudicant,
572 2732 606 2757 «d
625 2742 649 2758 a.
666 2736 726 2757 1262(
743 2732 872 2765 Jwrlincl,·
893 2740 982 2756 tenutis
1002 2739 1070 2756 more
1091 2730 1193 2756 Gallico
1212 2732 1377 2762 computatus
1397 2733 1440 2755 psl.
1529 2732 1555 2757 ἷι)
1580 2730 1619 2761 (y
1634 2738 1660 2754 71.
1675 2733 1730 2755 560,
