2106 2979
95 659 118 678 10

96 914 118 932 15

95 1178 119 1196 20

94 1439 117 1458 25

95 1696 120 1714 30

96 2192 120 2210 35

97 2510 122 2527 40

739 97 937 123 EPISTOLAE
956 97 1144 124 SELECTAE.
1182 98 1256 124 1268.
1757 102 1814 131 691

173 183 369 218 astrinxerit,
395 182 577 214 censendus
602 186 650 213 est
675 183 890 224 symoniacus,
914 187 949 214 ut
966 184 1107 219 videtui-2
1132 194 1191 214 nec
1210 183 1363 225 proderit,
1388 184 1413 214 si
1438 184 1573 221 dicatur,
1598 185 1681 226 quod
1699 185 1817 216 defecit

173 235 330 272 conditio,
365 238 397 265 et
431 234 549 265 idcirco
581 238 765 265 contractus
798 235 968 266 habendus
1002 239 1052 266 est
1074 245 1131 276 pro
1157 235 1287 266 infecto.
1333 235 1416 266 Nam
1442 237 1472 266 in
1498 237 1716 268 contractibus
1741 248 1816 268 con-

172 287 379 318 ditionalibus
406 290 438 317 et
462 289 568 327 potest
593 286 748 326 suspendi
773 287 929 327 obligatio
955 291 987 317 et
1012 297 1090 328 pure
1121 287 1267 328 symonia
1292 288 1463 325 committi,
1495 289 1577 319 sicut
1600 289 1631 319 in
1662 289 1817 319 usurariis

172 338 361 369 iudicamus.
407 337 490 368 Nam
516 340 548 368 et
577 338 631 378 qui
660 338 819 378 promittit
842 339 1027 379 pecuniam,
1060 339 1085 368 si
1110 339 1249 369 ecclesia
1274 339 1334 369 sibi
1358 339 1467 377 detur,
1498 344 1530 370 et
1560 340 1612 381 qui
1643 340 1817 381 stipulatur

171 400 317 427 usuram,
348 389 374 419 si
404 399 473 419 sors
506 389 613 419 soluta
638 388 697 419 sibi
722 399 783 419 non
809 389 907 420 fuerit
931 394 1020 420 certa
1044 389 1106 425 dio,
1132 400 1206 420 reus
1233 394 1281 420 est
1306 391 1464 429 criminis,
1498 392 1594 421 etiam
1619 392 1644 421 si
1669 391 1816 421 condicio

171 451 235 472 non
260 441 395 472 existat:
430 450 490 471 nec
516 444 564 471 est
589 441 619 470 in
646 451 721 471 casu
753 440 937 471 huiusmodi
970 442 1118 482 symonia
1148 442 1247 471 solius
1278 442 1478 479 intentionis,
1511 453 1573 483 que
1605 443 1732 473 deletur
1760 453 1819 483 per

171 493 393 534 penitentiam,
419 502 491 522 cum
516 492 556 522 sit
580 492 638 522 hec
663 493 800 523 intentio
826 503 888 523 non
914 493 1040 523 occulta
1065 493 1122 523 sed
1147 494 1241 523 certis
1266 494 1472 534 pactionibus
1497 493 1670 524 denudata.

274 544 418 586 Septimo
444 543 626 580 dicebatur,
653 543 736 584 quod
761 545 1128 575 excommunicationem
1152 545 1346 581 incurrerat,
1372 545 1446 585 quia
1472 569 1504 575 ..
1529 545 1681 576 abbatem
1708 545 1817 576 Sancti

171 596 315 626 Mathie1
340 599 371 626 et
395 595 475 626 duos
501 595 570 626 eius
595 595 770 625 monachos
797 595 980 626 sacerdotes
1005 597 1035 626 in
1061 602 1167 626 castro
1193 597 1262 626 eius
1288 597 1433 637 captivos
1458 607 1517 627 nec
1542 597 1735 627 liberaverat
1760 607 1818 627 nec

171 651 403 689 procuraverat
427 647 568 678 liberari.
616 647 667 677 Ad
691 647 773 688 quod
799 647 1012 688 responderat
1040 658 1074 678 se
1107 648 1224 678 fecisse
1250 648 1332 689 quod
1359 653 1501 689 poterat,
1532 649 1607 690 quia
1631 672 1637 678 .
1657 672 1663 678 .
1690 648 1818 678 officiali

172 699 364 730 Treverensi
400 702 432 729 et
462 723 469 730 .
491 723 497 730 .
522 699 619 740 priori
652 699 787 729 fratrum
822 699 1066 730 Predicatorum
1099 710 1135 730 ac
1161 724 1192 730 ..
1220 699 1398 740 guardiano
1433 700 1566 730 fratrum
1598 699 1759 730 Minorum
1787 700 1818 729 in

171 751 376 782 Confluentia
400 750 625 785 mandaverat,
657 750 742 791 quod
772 756 939 782 monerent
969 762 1043 782 eum
1073 752 1126 792 qui
1157 754 1295 781 castrum
1327 751 1474 785 tenebat,
1507 756 1543 782 ut
1575 762 1627 782 eos
1658 751 1817 785 redderet,

172 803 313 843 alioquin
338 802 567 833 denuntiarent
592 803 908 833 excommunicatum
935 803 1072 834 eundem
1098 806 1131 833 et
1156 803 1428 833 comminarentur
1453 803 1568 837 eidem,
1594 802 1677 844 quod
1702 802 1818 837 feudis,

172 865 232 896 que
258 865 276 884 a
300 854 494 885 Treverensi
519 857 609 884 tenet
633 855 781 890 ecclesia,
807 855 997 896 privaretur.
1038 854 1089 884 Ex
1113 855 1174 885 hiis
1193 865 1269 886 vero
1288 865 1377 885 suam
1397 855 1551 885 malitiam
1570 855 1647 885 satis
1664 854 1818 895 detegere

171 906 357 938 videbatur:
391 916 449 936 nec
479 906 564 935 enim
595 906 734 936 fideliter
764 906 902 941 fecerat,
935 917 997 947 que
1023 907 1130 937 facere
1155 906 1334 937 debuisset.
1381 906 1462 936 Nam
1488 907 1563 937 licet
1588 905 1706 936 habeat
1731 916 1817 936 com-

171 958 275 988 munis
301 958 425 998 opinio,
456 956 542 998 quod
566 957 670 987 dictus
695 957 813 988 abbas.
845 968 939 998 quom
965 959 1035 999 ipse
1060 963 1191 999 reputat
1215 958 1394 990 inimicum.
1426 963 1538 999 captus
1564 958 1623 988 fuit
1647 958 1761 988 saltem
1787 958 1818 987 in

171 1009 314 1040 favorem
332 1009 443 1050 ipsius,
469 1012 501 1039 et
524 1009 593 1050 ipse
619 1009 742 1040 electus
767 1009 839 1050 plus
865 1020 926 1040 non
953 1010 1085 1040 fecerit:
1112 1021 1183 1040 cum
1208 1014 1316 1040 tamen
1342 1013 1373 1040 et
1397 1010 1681 1039 comminationem
1701 1009 1818 1049 exequi

171 1071 228 1102 per
251 1061 350 1092 alium
375 1061 536 1102 potuisset
566 1064 597 1090 et
629 1062 932 1092 excommunicasse
963 1065 995 1092 et
1023 1062 1367 1092 excommunicationis
1398 1071 1593 1102 aggravasse
1626 1061 1817 1091 sententiam

171 1113 278 1143 multis
307 1113 424 1150 modis,
456 1123 518 1143 non
546 1116 633 1144 caret
658 1113 831 1154 scrupulo³
857 1114 1021 1144 societatis
1047 1114 1188 1151 occulte,
1220 1117 1283 1143 tam
1312 1113 1484 1143 manifesto
1509 1112 1642 1143 facinori
1667 1112 1818 1142 desinens

171 1165 311 1196 obviare¹

273 1217 345 1247 Hiis
378 1217 475 1258 igitur
503 1220 534 1247 et
568 1216 639 1247 aliis
671 1227 731 1257 quc
764 1216 804 1247 ad
836 1226 971 1257 presens
1002 1216 1118 1247 discuti
1149 1219 1299 1258 poterant
1329 1215 1504 1257 diligenter
1535 1215 1708 1256 inspectis,
1745 1214 1819 1245 licet

170 1270 279 1300 multis
304 1269 519 1310 prudentibus
544 1268 725 1304 videretur,
757 1269 841 1308 quod
867 1279 924 1299 nos
950 1273 1060 1299 contra
1084 1272 1298 1299 memoratum
1324 1268 1464 1298 electum
1489 1267 1664 1308 procedere
1689 1267 1819 1307 gravius

170 1321 368 1351 valeremus:
395 1321 469 1361 quia
491 1324 600 1351 tamen
624 1321 733 1361 aliqua
757 1320 797 1350 de
822 1320 906 1350 facto
925 1320 1102 1361 proposuit,
1127 1330 1189 1361 que
1209 1330 1281 1350 eum
1300 1320 1331 1350 in
1350 1319 1457 1360 aliquo
1476 1319 1609 1349 forsitan
1627 1319 1819 1351 relevarent,

170 1376 204 1402 ut
229 1382 266 1402 eo
292 1372 407 1402 iustius
432 1383 493 1413 quo
519 1376 551 1402 et
576 1373 694 1402 certius
720 1373 751 1402 in
776 1372 908 1412 negotio
944 1372 1173 1413 procedamus,
1204 1371 1243 1402 ad
1268 1371 1376 1412 aliqua
1400 1371 1483 1401 infra
1506 1374 1630 1401 certum
1654 1368 1820 1410 probanda

172 1425 343 1454 terminum
373 1434 446 1454 enm
475 1423 644 1454 admittere
668 1428 904 1465 proponentes,
937 1427 1033 1464 prout
1057 1424 1200 1464 requiret
1225 1423 1349 1453 iustitia
1374 1426 1406 1453 et
1430 1423 1556 1463 equitas
1582 1421 1748 1459 suadebit,
1780 1430 1819 1450 ne

171 1477 203 1506 in
227 1476 329 1517 ipsius
353 1475 502 1506 manibus
519 1475 732 1506 Trevcrensis
751 1475 891 1506 ecclesia
915 1476 1043 1506 interim
1069 1475 1291 1516 naufragetur,
1316 1475 1356 1505 ab
1382 1474 1486 1504 officio
1512 1477 1542 1503 et
1566 1473 1722 1503 beneficio
1748 1482 1819 1502 eum

173 1527 418 1569 suspendimus,
451 1538 607 1558 summam
642 1527 783 1568 aliquam
815 1528 976 1562 taxaturi,
1014 1538 1075 1568 que
1111 1527 1216 1557 eidem
1252 1526 1292 1557 ad
1329 1526 1587 1567 prosecutionem
1622 1524 1745 1565 negotii
1781 1523 1819 1554 de

172 1579 350 1610 redditibus
377 1579 525 1620 sepefate
550 1579 761 1609 Treverensis
788 1579 927 1609 ecclesie
952 1579 1153 1609 ministretur
1176 1589 1234 1619 per
1259 1588 1329 1615 eos,
1364 1577 1479 1618 quibus
1504 1576 1819 1606 administrationem

174 1630 318 1662 eiusdem
337 1631 474 1661 ecclesie
493 1631 523 1661 in
541 1630 762 1672 spiritualibus
781 1634 812 1661 et
829 1630 1063 1672 temporalibus
1089 1630 1336 1667 committemus,
1363 1631 1556 1670 potestatem
1580 1628 1672 1658 nobis
1690 1628 1818 1668 plenam

174 1685 206 1713 et
229 1682 389 1723 integram
413 1685 619 1713 reservantes
645 1693 686 1712 ex
711 1682 784 1715 hiis,
817 1682 856 1712 de
881 1682 996 1723 quibus
1021 1682 1083 1712 iam
1108 1681 1225 1722 liquet,
1260 1684 1370 1711 contra
1395 1679 1533 1711 eundem
1559 1679 1698 1710 electum
1723 1678 1819 1709 nullis

172 1734 243 1765 aliis
278 1734 522 1776 probationibus
557 1738 613 1764 aut
644 1734 852 1775 processibus
889 1734 1090 1775 expectatis,
1128 1732 1256 1774 quando
1292 1736 1324 1763 et
1355 1732 1504 1773 quotiens
1538 1730 1630 1761 nobis
1664 1729 1819 1771 expedire

173 1786 341 1821 videbitur,
367 1786 407 1817 ad
431 1787 495 1817 alia
519 1785 717 1827 procedendi
742 1786 839 1816 etiam
859 1786 1020 1826 graviora,
1045 1785 1076 1815 in
1094 1785 1344 1826 allegationibus
1363 1784 1440 1814 iuris
1458 1783 1563 1814 eidem
1580 1783 1671 1813 iuxta
1687 1782 1818 1819 factum,

172 1837 211 1869 de
237 1849 298 1879 quo
324 1838 516 1877 constiterit,
541 1837 706 1868 audientia
730 1837 859 1867 minime
885 1836 1088 1877 deneganda.

274 1890 349 1922 Dat.
366 1890 520 1921 Viterbii.
543 1889 646 1920 XIIII
665 1888 831 1919 Kalendas
858 1889 1012 1926 Ianuarii,
1037 1898 1121 1918 anno
1146 1887 1216 1917 ΙΙΙο
1231 1886 1253 1918 ².

280 2161 435 2206 (ficolens
458 2172 481 2202 I
485 2171 513 2202 Γ
527 2182 616 2210 palm
643 2172 808 2212 [Alberlo]
835 2172 973 2211 (piscopo
1001 2169 1205 2200 Ferrarienszt
1239 2167 1375 2203 intrudat,
1412 2170 1445 2197 ut
1476 2165 1819 2197 arcommzm{catinum

174 2225 270 2256 latam
295 2226 329 2255 in
356 2223 538 2255 Cacscwmlrs
558 2233 617 2262 pro
645 2234 690 2260 eo,
723 2223 803 2262 qnod
831 2223 966 2253 camolia
997 2223 1176 2260 commossem
1199 2220 1352 2250 civitatem
1377 2218 1565 2249 Sarmatam
1595 2217 1818 2257 ffl‘rztfflmoerint,

173 2276 331 2307 observari
349 2275 460 2316 faeiat.
1478 2270 1570 2306 1268,
1595 2268 1667 2299 Icm.
1683 2269 1732 2299 18.

279 2335 353 2361 Clcm.
367 2335 414 2360 IV
423 2335 484 2367 Rea.
513 2334 563 2360 Vol.
580 2335 601 2365 1,
622 2338 681 2363 195),-
700 2333 757 2359 Lib.
773 2333 832 2361 HL
854 2336 905 2359 153.
943 2332 1094 2365 Epistolmn
1114 2339 1145 2357 ea:
1164 2331 1280 2363 Reslestis
1298 2329 1434 2361 descripsit
1452 2328 1478 2354 V.
1493 2328 1530 2354 CI.
1547 2328 1664 2353 Monaci.

276 2379 363 2411 Posse,
384 2379 399 2404 l.
412 2387 432 2404 c.
443 2387 471 2411 Ι).
486 2382 525 2410 47,
547 2387 571 2403 η.
585 2382 653 2404 5υὸ;
672 2377 774 2403 BFW,
791 2380 864 2403 985ιὸ,

278 2502 301 2532 ³)
322 2501 433 2532 scripulo
446 2500 476 2524 R.

278 2578 303 2609 1)
326 2575 523 2601 Theodora-1011.-
550 2575 582 2606 εἴ.
606 2575 684 2600 Gesta
713 2574 784 2598 Trer.
799 2573 844 2598 SS.
859 2576 874 2598 t.
893 2572 1007 2603 XXIV,
1031 2581 1060 2604 p.
1079 2576 1128 2597 444
1153 2574 1173 2596 et
1200 2570 1317 2596 Potthast
1344 2572 1430 2595 1:584.
1529 2569 1556 2596 ⁴2]
1580 2567 1618 2599 Cf.
1636 2567 1718 2592 Gesta
1745 2567 1818 2592 Trer.

175 2619 223 2645 SS.
237 2622 253 2645 t.
271 2619 386 2651 XXIV,
407 2628 435 2651 p.
450 2622 499 2644 448
518 2621 539 2643 ct
560 2617 617 2643 BF
626 2617 663 2643 W.
680 2620 744 2643 9895
763 2619 786 2642 ct
805 2619 908 2641 10617a
926 2618 947 2640 et
967 2623 1035 2647 sequ.

1568 2774 1616 2799 87*
