2106 2979
292 94 353 121 (552
854 85 899 110 Ex
920 82 1121 110 CLEMENTIS
1141 82 1177 107 lV
1192 81 1371 108 REGISTRO

396 174 470 216 122]
510 173 672 203 Comites¹
698 182 785 206 vero,
810 171 966 208 barones,
1001 170 1118 199 milites
1151 171 1182 199 et
1210 168 1352 198 universi
1384 168 1531 198 homines
1556 168 1653 198 totius
1678 170 1767 209 regni
1792 172 1824 200 et
1847 173 1932 200 terre

293 227 434 268 predicte
460 226 569 255 vivent
602 225 633 254 in
665 234 702 254 ea
732 223 882 253 libertate
908 225 939 251 et
963 220 1129 251 habebunt
1159 220 1228 250 illas
1254 221 1471 250 immunitates
1500 220 1618 260 illaque
1647 220 1814 261 privilegia
1838 221 1933 262 ipsis—

292 288 353 319 que
378 276 577 317 gaudebunt,
605 286 683 316 quas
708 278 739 305 et
763 285 823 315 que
848 277 992 314 tempore
1018 273 1103 303 clare
1128 272 1283 302 memorie
1308 272 1474 302 Guillelmi
1498 271 1630 302 secundi
1656 272 1764 303 Sicilie
1788 274 1875 313 regis
1900 277 1934 304 et

292 329 362 359 aliis
387 328 527 368 antiquis
552 326 750 368 temporibus
776 326 968 356 habuerunt.

395 378 469 421 [23]
507 379 626 409 Omnes
663 378 776 409 exules
813 377 903 417 regni
936 376 1045 406 Sicilie
1081 378 1113 405 et
1147 379 1230 405 terre
1269 375 1432 416 predicte,
1472 375 1702 417 cuiuscumque
1742 377 1934 408 conditionis

293 432 451 467 existant,
479 430 517 461 ad
546 430 734 460 mandatum
764 428 902 459 ecclesie
927 428 1122 458 reducantur
1152 427 1183 456 in
1208 437 1343 467 regnum
1367 430 1399 457 et
1422 426 1599 467 predictam
1625 431 1759 465 terram,
1790 429 1932 470 ipsisque

291 483 330 513 de
356 483 448 513 bonis
474 486 506 512 et
530 482 651 512 iuribus
676 481 722 511 eis
747 480 863 510 debitis
894 479 1054 509 restitutio
1085 479 1179 519 plena
1210 478 1273 508 fiet.
1321 478 1356 508 In
1391 478 1571 509 huiusmodi
1596 483 1704 510 autem
1730 481 1932 511 restitutione

293 534 468 564 secundum
499 533 675 574 predictam
706 532 842 562 formam
870 532 900 561 in
935 529 1123 572 [capitulo]³
1154 529 1193 560 dc
1225 530 1317 560 bonis
1349 530 1578 561 ecclesiasticis
1602 532 1830 562 rostituendisb
1859 543 1933 563 con-

293 590 413 616 tentam
444 589 506 615 tam
538 585 569 615 in
601 584 732 614 notoriis
762 593 856 623 quam
889 583 920 612 in
950 581 1056 612 dubiis
1088 580 1296 622 procedetur:
1332 581 1530 622 omnesque²
1556 583 1700 623 captivos
1733 587 1764 613 et
1794 583 1934 622 obsides,

293 638 345 678 qui
370 640 521 667 tenentur
545 636 576 666 in
602 646 701 675 regno
727 638 759 665 et
783 638 869 665 terra
893 633 1060 674 predictis,
1086 633 1264 667 Romanos,
1290 633 1469 673 regnicolas
1495 637 1527 663 et
1551 633 1632 664 alios
1657 633 1696 665 de
1721 638 1807 666 terra
1831 637 1934 666 eccle-

293 689 357 725 sie,
387 688 509 718 Tuscos
535 691 567 718 et
591 685 790 717 L‹›mbardos
815 689 847 715 et
872 685 944 715 illos
969 685 1009 715 de
1034 684 1178 714 marchia
1202 683 1372 715 Tarvisiua
1396 685 1480 715 bona
1504 685 1566 715 fide
1591 686 1767 717 restituetis
1791 687 1935 718 libertati

292 750 349 781 pro
374 750 481 780 posse.

396 789 470 832 [24]
509 789 697 821 Hei-edibus
729 799 805 819 vero
838 787 995 828 quondam
1025 786 1175 817 Riccardi
1206 787 1328 817 comitis
1355 786 1486 824 Sorani,
1515 788 1660 828 germani
1691 789 1797 819 felicis
1828 799 1935 820 recor-

292 843 428 873 dationis
452 842 633 872 [nuocentii
664 851 746 882 pape
778 840 892 870 tertii&
919 840 980 869 ius.
1015 838 1096 879 quod
1125 839 1155 868 in
1181 839 1335 868 comitatu
1360 839 1499 873 Sorano,
1538 844 1570 869 et
1603 840 1674 871 aliis
1708 841 1844 872 ecclesie
1869 840 1935 871 Ro-

292 904 385 924 mane
410 893 559 924 fidelibus
583 893 660 923 illud
686 893 716 923 in
741 893 813 922 aliis
839 891 1044 922 comitatibus
1071 894 1102 921 et
1127 891 1230 925 bonis,
1255 891 1280 920 si
1306 901 1369 931 qua
1393 891 1439 921 eis
1458 891 1488 920 in
1506 902 1605 931 regno
1624 896 1656 922 et
1672 896 1758 923 terra
1782 892 1935 933 predictis

292 957 310 976 a
333 945 462 986 regibus
488 949 519 976 et
542 945 740 986 principibus
765 954 919 974 concessa
943 943 1102 979 obtinent,
1137 943 1198 972 erit
1223 942 1363 974 salvum:
1400 953 1459 972 nec
1490 953 1548 983 per
1579 947 1765 984 presentem
1790 945 1935 986 ipsorum

292 998 383 1037 regni
408 1000 440 1027 et
464 1000 549 1027 terre
575 995 837 1027 concessionemd
861 996 1071 1025 comitatuum
1101 994 1147 1024 sie
1172 1004 1400 1024 concessorum
1426 994 1602 1025 eorundem
1620 996 1746 1036 cuique,
1772 995 1860 1038 [quo]
1880 995 1938 1026 ade

292 1050 520 1090 pr‹i›prietatem
539 1059 595 1079 seu
613 1048 864 1089 possessionem,
890 1046 1098 1088 preiudicium
1116 1049 1301 1087 generetur,
1327 1045 1417 1086 regio
1441 1046 1472 1076 in
1496 1046 1546 1076 his
1571 1047 1719 1078 omnibus
1745 1048 1812 1078 iure
1838 1048 1937 1078 salvo.

398 1099 473 1141 [25]
508 1100 659 1130 Nullam³
684 1100 780 1129 etiam
811 1098 1108 1128 confederationem
1134 1098 1184 1127 vel
1216 1098 1402 1138 pactionem
1433 1108 1491 1128 seu
1516 1099 1705 1129 societatem
1732 1110 1804 1129 cum
1829 1100 1936 1141 aliquo

293 1153 486 1194 imperatore
511 1153 561 1183 vel
590 1162 667 1192 rege
697 1151 745 1181 vel
771 1151 915 1192 principe
945 1160 1001 1180 seu
1031 1150 1166 1186 barone,
1201 1149 1397 1187 Sarraceno,
1431 1149 1614 1180 Christiano
1646 1151 1696 1181 vel
1726 1150 1846 1187 Greco,
1883 1155 1938 1182 aut

294 1215 364 1234 cum
390 1205 497 1245 aliqua
520 1204 687 1245 provincia
713 1213 769 1233 seu
795 1203 925 1233 civitate
958 1205 1013 1232 aut
1046 1202 1278 1232 communitate
1310 1201 1360 1231 vel
1390 1201 1460 1232 loco
1493 1202 1600 1242 aliquo
1631 1203 1792 1233 scienter4
1825 1207 1938 1234 contra

292 1256 472 1286 Romanam
491 1256 659 1286 ecclesiam
674 1255 724 1285 vel
743 1255 774 1285 in
792 1254 967 1295 dampnum
983 1253 1121 1284 ecclesie
1139 1253 1280 1285 facietis:
1297 1256 1329 1283 et
1346 1253 1372 1283 si
1390 1253 1532 1284 feceritis
1550 1254 1744 1295 ignoranter,
1763 1255 1938 1285 teneamini

293 1307 331 1337 ad
358 1307 543 1338 mandatum
569 1307 708 1337 ecclesie
734 1316 897 1336 revocare.

403 1357 477 1400 [26]
514 1358 694 1389 Habeatisf’
726 1362 833 1387 autem
869 1357 957 1387 mille
993 1356 1031 1386 ad
1067 1357 1171 1386 minus
1208 1355 1529 1386 Ultramontanorum
1566 1357 1702 1387 militum
1738 1358 1938 1393 comitivam;

293 1421 427 1450 quorum
446 1410 580 1451 quilibet.
597 1410 796 1450 equitaturas
815 1412 952 1449 quatuor
971 1419 1080 1438 secum
1098 1408 1242 1438 habebit.
1279 1407 1451 1438 Habebitis
1467 1409 1563 1438 ctiam
1578 1412 1739 1439 trecentos
1753 1409 1938 1440 balistarios

293 1465 324 1491 ct
348 1465 392 1491 tot
416 1462 496 1492 alios
525 1462 706 1495 bellatores,
733 1464 810 1502 quot
834 1460 873 1490 ad
899 1461 1160 1501 prosecutionem
1186 1460 1307 1500 negotii
1331 1459 1422 1490 fideif
1445 1460 1594 1491 sufficere
1620 1461 1778 1491 videntur.

400 1511 474 1555 [ΞΤ]
513 1513 554 1543 Et
589 1523 689 1553 usque
726 1512 766 1543 ad
801 1523 919 1542 annum
955 1523 973 1542 a
1006 1512 1150 1552 presenti
1185 1511 1236 1542 die
1266 1512 1515 1552 computandum
1552 1513 1595 1543 sic
1626 1513 1739 1543 muniti
1773 1524 1843 1544 cum
1875 1517 1941 1544 tota

293 1569 401 1595 vestra
438 1565 619 1595 huiusmodi
656 1565 807 1595 comitiva
843 1575 913 1594 esse
948 1564 1123 1594 teneamini
1161 1567 1192 1593 et
1230 1564 1299 1593 sitis
1337 1566 1429 1594 extra
1462 1564 1542 1594 fines
1572 1564 1742 1594 comitatus
1771 1564 1941 1596 Provincie

292 1627 405 1647 versus
432 1616 558 1646 Italiam
584 1617 633 1646 vel
659 1617 690 1646 in
717 1616 827 1650 ltalia,
866 1620 897 1645 et
930 1626 969 1645 ex
1003 1618 1078 1645 tune
1103 1615 1186 1645 infra
1210 1618 1274 1645 tres
1300 1626 1430 1646 menses
1456 1615 1644 1646 immediate
1669 1620 1843 1657 sequentes
1869 1627 1941 1647 esse

293 1669 466 1698 teneamini
496 1673 527 1698 et
559 1668 626 1698 sitis
657 1669 688 1698 in
713 1668 806 1698 terris
833 1668 994 1707 contiguis
1020 1678 1120 1707 regno
1146 1667 1273 1703 Sicilie,
1298 1667 1357 1697 nisi
1383 1667 1517 1697 forsitan
1544 1667 1575 1697 in
1600 1667 1695 1697 Italia
1719 1668 1859 1698 hostium
1884 1668 1940 1698 ob-

293 1720 416 1749 staculo
443 1719 661 1760 impediamini
687 1720 737 1749 vel
763 1729 915 1750 occursu:
941 1714 1075 1759 quoru'm
1102 1719 1337 1760 impugnationi
1356 1723 1388 1749 et
1405 1718 1635 1749 debellationiss
1658 1719 1809 1760 quamdiu
1835 1720 1942 1750 taliter

294 1771 406 1800 muniti
426 1775 674 1812 perseveranter
692 1771 884 1803 institeritis,
910 1770 1135 1810 intelligamini
1160 1771 1326 1810 negotium
1351 1771 1512 1811 prosequi,
1539 1781 1597 1801 nec
1615 1771 1704 1801 vobis
1723 1775 1849 1812 tempus
1868 1781 1940 1812 pre-

294 1822 414 1853 dictum
447 1823 542 1853 trium
577 1823 736 1853 meusium
771 1826 887 1853 currat.
940 1822 1033 1857 Quod
1065 1823 1090 1852 si
1116 1832 1171 1852 vos
1207 1822 1252 1852 sic
1280 1822 1393 1852 muniti
1426 1833 1526 1863 usque
1551 1822 1591 1852 ad
1616 1822 1797 1853 huiusmodi
1823 1833 1940 1853 annum

294 1885 356 1904 non
381 1874 505 1905 fueritis
530 1878 622 1905 extra
656 1874 736 1904 fines
761 1874 896 1915 predicti
929 1875 1117 1907 comitatus,
1150 1874 1198 1903 vel
1233 1874 1257 1904 si
1290 1874 1372 1903 infra
1397 1874 1529 1904 eosdem
1554 1877 1619 1904 tres
1643 1885 1773 1905 menses
1798 1875 1853 1904 tali
1878 1885 1941 1905 non

295 1925 453 1966 prepediti
478 1926 644 1956 obstaculo
670 1936 732 1956 non
757 1926 883 1955 fueritis
909 1926 939 1956 in
965 1926 1058 1956 terris
1083 1925 1205 1955 eisdem
1224 1925 1333 1955 Sicilie
1359 1935 1459 1966 regno
1479 1926 1685 1956 conterminis
1704 1936 1774 1956 cum
1793 1926 1942 1956 comitiva

296 1977 476 2007 huiusmodi
501 1978 678 2011 constituti,
704 1978 753 2007 vcl
779 1977 809 2007 in
834 1988 1036 2018 q[1‹]‹j·lllnque
1061 1987 1150 2013 casu,
1185 1975 1322 2018 [vobis]¹¹
1346 1976 1576 2017 prosecutionii
1600 1977 1720 2018 negotii
1751 1981 1940 2018 oportunam

297 2039 360 2057 non
386 2029 647 2069 impendentibus
673 2039 818 2070 operam,
850 2030 881 2059 in
913 2029 1035 2059 eisdem
1069 2029 1162 2059 terris
1188 2029 1396 2059 conterminis
1421 2028 1506 2059 (licto
1531 2039 1631 2070 regno
1657 2029 1740 2059 infra
1764 2029 1849 2070 ipsos
1875 2032 1940 2059 tres

300 2090 427 2110 menses
453 2091 514 2110 non
540 2081 665 2111 fueritis
691 2081 736 2110 sic
761 2081 890 2111 muniti:
916 2080 1052 2111 liberum
1070 2081 1129 2111 erit
1146 2080 1292 2111 Romano
1317 2081 1460 2122 pontifici
1485 2091 1522 2110 ac
1547 2081 1578 2110 iu
1603 2084 1765 2121 potestate
1791 2091 1940 2111 remane-

296 2130 340 2160 bit
370 2131 470 2172 ipsius
503 2131 626 2169 dicere,
660 2133 873 2173 pronunciare
899 2132 949 2163 vel
985 2133 1127 2174 proferre
1159 2133 1190 2162 in
1223 2133 1350 2173 seriptis
1376 2132 1428 2163 vel
1460 2133 1527 2162 sine
1559 2133 1700 2174 scriptis,
1737 2132 1775 2162 de
1806 2132 1941 2163 consilio

298 2182 347 2212 vel
374 2184 441 2213 sine
467 2183 599 2213 consilio
625 2184 774 2219 fratrum,
808 2184 898 2214 vobis
930 2188 985 2214 aut
1010 2185 1072 2214 alio
1100 2185 1197 2214 etiam
1222 2194 1443 2225 quocumque,
1480 2184 1571 2214 cuius
1597 2184 1732 2214 forsitan
1757 2185 1940 2220 interesset,

297 2244 358 2263 nou
377 2235 499 2264 vocatis
518 2238 550 2264 et
567 2235 689 2275 absque
708 2235 792 2265 omni
819 2236 896 2265 iuris
921 2235 1160 2276 solempnitate,
1186 2236 1404 2271 collationem,
1429 2236 1682 2271 concessionem,
1707 2236 1942 2273 investituram,

298 2285 387 2314 vobis
423 2290 454 2315 et
489 2286 663 2316 heredibus
688 2287 803 2317 vestris
836 2287 874 2316 de
908 2297 1008 2327 regno
1045 2291 1077 2317 et
1106 2291 1191 2317 terra
1223 2287 1377 2328 predictis
1406 2287 1525 2323 factas,
1557 2297 1675 2317 vacuas
1708 2287 1835 2316 omnino
1867 2297 1940 2317 esse

300 2336 485 2376 nullumque
511 2337 605 2366 robur
623 2338 672 2367 vel
698 2338 838 2368 valorem
864 2338 984 2368 habere
1009 2349 1045 2368 ac
1071 2349 1126 2368 eas
1151 2349 1315 2370 revocare.
1341 2349 1479 2370 cassare.
1505 2339 1630 2368 irritare
1654 2349 1690 2368 ac
1715 2338 1801 2378 ipsas
1827 2349 1937 2368 cassas

298 2392 329 2415 et
355 2387 459 2417 irritas
485 2389 649 2418 nunciare.
697 2389 849 2419 Iliberum
886 2400 1012 2430 quoquc
1050 2391 1108 2419 erit
1142 2390 1247 2420 cidem
1273 2390 1420 2420 Romano
1452 2390 1592 2431 pontifici
1627 2390 1685 2420 hoc
1711 2389 1795 2419 idem
1821 2390 1940 2423 facere,

401 2520 421 2539 ³²>
441 2517 522 2547 vapin-
538 2517 586 2542 ilIU·
606 2519 637 2549 ρκ’,
655 2520 744 2544 11..331¹,
763 2520 777 2547 ς’
791 2521 831 2543 25.
912 2518 935 2545 1))
955 2519 1055 2542 tuendis
1072 2518 1107 2541 JI.
1188 2520 1209 2544 θ)
1230 2519 1263 2542 IV
1277 2519 1329 2549 M.;
1347 2520 1378 2551 qs.
1394 2528 1419 2543 n.
1434 2521 1491 2549 208,
1509 2519 1524 2548 ἕ
1539 2521 1567 2542 17
1584 2523 1605 2542 el
1625 2518 1743 2543 ,Um-ekae
1762 2520 1779 2543 l.
1793 2528 1812 2543 c.
1829 2530 1854 2550 μ.
1869 2520 1940 2544 38]).

299 2557 320 2581 *¹³
341 2560 476 2582 cessionem
492 2560 539 2585 M..-
558 2562 589 2591 ‹512
606 2572 628 2585 ιι.
644 2565 699 2587 [alim.
717 2565 731 2591 ς’
746 2566 783 2586 2⁸.
855 2567 877 2587 e,
897 2564 989 2594 cuique
1008 2563 1039 2587 ad
1054 2563 1089 2586 ill.
1161 2562 1179 2593 f)
1196 2563 1230 2586 ila
1241 2563 1277 2587 JI.
1354 2563 1379 2595 Β)
1401 2564 1618 2595 impugnationem
1638 2568 1660 2587 ct
1680 2562 1875 2586 debellationem
1889 2562 1940 2591 JI.;

299 2601 329 2629 cs.
342 2610 366 2623 n.
382 2603 436 2627 5:59.
460 2604 475 2630 ,ς’
488 2605 526 2626 30.
616 2603 638 2629 ¹¹)
660 2605 731 2628 vobis
750 2605 816 2629 dves!
833 2605 867 2628 M.
957 2605 972 2636 i)
992 2606 1194 2637 prosecutionem
1210 2606 1244 2630 Jl.

402 2670 426 2699 1)
448 2669 486 2699 (γ’,
503 2674 594 2700 ›nox-19,
614 2674 628 2699 ,ᾳ
641 2676 679 2696 24.
759 2674 785 2697 2¹³
807 2673 845 2703 Us'.
860 2681 886 2698 u.
904 2675 959 2701 53³1,
979 2675 994 2701 ῥ’
1008 2675 1044 2698 27.
1116 2673 1141 2698 3»
1164 2673 1202 2704 Cf.
1219 2682 1242 2698 a.
1258 2676 1310 2701 5:31¹,
1331 2674 1346 2703 ξ
1359 2677 1396 2698 26.
1467 2674 1494 2706 4)
1516 2673 1555 2704 Cf.
1567 2681 1594 2705 ρ.
1609 2677 1663 2705 646,
1686 2675 1737 2699 unt.
1755 2677 1772 2698 1.
1851 2673 1877 2702 5)
1899 2672 1941 2704 Cf.

301 2719 323 2734 ιι.
341 2714 393 2736 539.
413 2715 427 2739 ,φ’
443 2716 473 2735 231
493 2715 513 2735 σἸ
532 2722 556 2744 [ι.
571 2717 628 2740 :GN-J,
649 2718 725 2739 111·lz‹:,
743 2719 757 2739 ζ»
775 2718 795 2739 (Ἰ
818 2715 1010 2747 Wlnkclmzmn,
1031 2717 1099 2741 Aes«
1122 2716 1180 2748 imp.
1197 2716 1263 2741 med.
1281 2720 1297 2742 l.
1313 2717 1350 2747 II,
1368 2726 1394 2749 μ.
1412 2720 1464 2742 734,
1486 2725 1512 2741 n.
1528 2720 1598 2741 1049.

1990 646 2013 663 10

1990 902 2014 919 15

1991 1163 2016 1181 20

1994 1679 2004 1696 3
2007 1681 2019 1695 υ

1995 1937 2018 1954 35)

1994 2194 2019 2212 40

1993 2528 2018 2546 45
