2106 2979
264 113 321 141 714
827 104 872 129 Ex
893 101 1095 128 CLEMEN'I'IS
1107 101 1150 132 ⁴IV
1168 100 1346 126 REGISTRO

263 197 363 237 ipsum
390 194 595 233 exigentibus
621 191 823 221 eoimunaeia
848 193 879 220 et
904 189 1007 230 eulpis
1033 188 1136 229 ipsius
1164 187 1395 217 denuntiantes
1413 186 1452 216 de
1470 186 1603 216 fratrum
1630 185 1804 216 eorundem
1830 196 1905 215 con-

263 247 333 277 silio
359 245 565 285 ineligibilem
591 248 623 273 et
648 253 777 284 prorsus
807 241 982 271 inhabilem
1007 239 1046 270 ad
1069 239 1235 280 quodlibet
1264 248 1398 279 regnum
1425 237 1475 268 vel
1500 237 1671 278 imperium
1696 236 1906 267 obtinendum

263 298 472 338 omnibusspie
498 295 601 326 feudis
627 299 658 325 et
683 294 820 329 iuribus,
847 293 938 332 siqua
963 291 1096 322 tenebat
1120 291 1160 321 ab
1187 290 1348 323 eeclesiis,
1374 289 1620 330 quibuscunque
1645 288 1805 329 privatum
1830 298 1905 318 nee-

264 361 325 380 non
350 350 378 379 in
405 359 516 379 omnes
541 352 573 377 et
598 346 742 387 singulas
772 344 949 375 sententias
975 346 1007 373 et
1031 353 1133 384 penas
1159 342 1264 372 eidem
1297 341 1433 371 indictas
1459 340 1608 381 superius
1633 339 1802 373 incidisse,
1835 349 1907 380 pre-

265 402 377 432 missas
403 399 578 430 sententias
603 398 682 427 latas
709 397 739 427 in
765 407 848 430 eum,
873 395 1107 436 prohibitiones
1126 404 1264 434 quoque.
1290 392 1553 422 comminationes
1572 394 1604 422 et
1620 391 1813 422 monitiones
1837 390 1909 420 uni-

266 464 373 483 versas
399 456 430 481 et
456 450 598 489 singulas
624 460 664 479 ex
689 448 810 479 eisdem
831 447 935 477 causis
954 445 1182 476 nichilominus
1199 445 1401 475 innovamus
1441 443 1555 474 Dictos
1574 446 1724 484 preterea
1740 442 1775 472 L.
1794 441 1910 472 ducem

266 504 415 535 Bavarie,
448 527 476 534 ..
503 502 650 531 comitem
676 499 801 539 Tyroli,
826 498 946 528 Bosum
971 497 1010 527 de
1038 497 1193 531 Dovaria,
1226 495 1433 526 Frederioum
1459 495 1535 525 dicti
1560 495 1646 535 regis
1672 493 1811 525 Castelle
1837 504 1909 534 ger-

265 566 409 588 manum,
448 552 647 584 Manl'rcdum
681 551 795 583 Malet,
829 549 1010 580 Conradum
1043 549 1177 582 Trinza,
1214 547 1424 578 Gruillelmum
1455 546 1495 577 de
1530 546 1690 581 Parisius,
1726 545 1911 576 Guidonem

265 607 411 638 Novelli.
449 606 628 635 Galvanum
662 606 692 633 et
722 602 931 632 Frederieum
962 601 1108 633 Laneea,
1144 599 1329 630 Uonradum
1362 599 1401 629 de
1434 598 1626 630 Antiochia.
1661 597 1840 628 Iohannem
1873 596 1912 626 de

266 659 404 689 Marci-io
430 661 638 696 ceterosque,
664 655 883 693 cuiuscunque
908 653 971 683 sint
995 651 1225 693 preminentie,
1250 650 1420 691 dignitatis
1444 654 1499 680 aut
1524 653 1644 685 status,
1670 653 1702 679 et
1727 649 1914 690 specialiter

265 709 481 751 predictorum
508 707 646 738 civitatis
671 705 839 736 Grossetil
867 708 899 734 et
924 704 1020 734 castri
1047 703 1156 733 Sancti
1181 702 1307 732 Miniati
1333 703 1419 732 cives
1445 705 1477 732 et
1501 701 1639 735 incolas,
1670 701 1723 742 qui
1748 699 1912 742 premissis

266 759 510 794 monitionibus,
543 757 843 789 eonnniuationibus
868 755 919 786 vel
944 755 1114 786 sententiis
1145 765 1208 785 non
1243 757 1395 795 parentes
1424 764 1481 784 nee
1506 753 1544 784 ad
1570 756 1681 784 nostra.
1709 756 1741 783 et
1772 751 1912 782 ecclesie

268 812 419 843 mandata
445 811 546 841 redire
572 821 630 840 nee
655 809 694 839 ab
719 809 819 849 ipsius
838 807 1011 838 Conradini
1037 808 1147 837 favore
1173 806 1332 837 desistere
1357 808 1561 843 curaverunt,
1587 804 1814 835 denuntiamus
1838 803 1912 833 latis

268 865 298 894 in
324 864 421 904 ipsos,
446 863 534 893 velut
558 861 699 892 eiusdem
727 859 901 890 Conradini
927 859 1082 896 fautores,
1109 857 1457 889 excommunicationis
1482 857 1651 887 sententiis
1677 855 1856 893 subiacere,
1881 857 1914 885 ct

268 917 398 956 insuper
417 926 471 945 eos
489 914 528 944 de
548 924 628 943 novo
653 911 996 943 exeommunicationis
1021 907 1184 941 sententia
1209 909 1412 940 innodamus.
1460 908 1611 940 Prodit-ta
1636 918 1763 949 quoque
1788 917 1913 937 necnon

269 971 300 996 et
332 967 395 996 alia
425 966 587 998 civitates,
621 967 728 994 eastra
758 966 788 993 et
820 963 908 998 loca,
941 973 1002 1003 que
1037 962 1155 992 dietum
1189 961 1408 991 Conradinum
1437 964 1493 991 aut
1527 960 1595 991 eius
1627 960 1831 1001 capitaneum
1863 958 1914 988 vel

268 1018 412 1049 militiam
445 1028 501 1047 seu
526 1017 620 1047 aliam
653 1025 876 1057 quameunque
907 1017 1037 1055 gentem
1070 1017 1265 1054 receperunt
1296 1012 1501 1054 postmodum
1527 1023 1585 1053 pro
1611 1011 1725 1042 eodem
1752 1021 1809 1041 seu
1834 1010 1914 1040 alias

269 1070 399 1101 easdem
432 1069 652 1101 inhibitiones,
686 1067 895 1101 monitiones,
933 1066 1196 1096 comminationes
1229 1069 1260 1095 et
1296 1065 1472 1095 sententias
1504 1066 1770 1104 contempserunt
1802 1064 1915 1092 contra

269 1133 323 1152 eas
363 1125 483 1151 temere
517 1119 688 1151 veniendo,
724 1118 926 1148 declaramus
963 1118 1129 1158 supposita
1160 1120 1191 1147 et
1220 1116 1259 1147 de
1293 1127 1374 1146 novo
1409 1127 1450 1147 ex
1485 1115 1638 1157 predictis
1670 1115 1776 1146 causis
1809 1114 1911 1145 eccle-

269 1173 398 1203 siastico
429 1172 572 1202 districte
605 1171 812 1212 supponimus
844 1169 1026 1200 interdicto.
1074 1169 1173 1199 Porro
1205 1169 1364 1199 universis
1391 1172 1422 1199 et
1447 1168 1580 1209 singulis
1606 1167 1725 1198 Christi
1754 1166 1915 1203 fidelibus,

270 1227 301 1254 et
326 1224 508 1265 specialiter
533 1223 738 1264 patriarchis.
764 1222 1033 1263 archiepiscopis,
1060 1222 1239 1262 episcopis.
1265 1220 1450 1255 abbatibus,
1475 1220 1637 1261 prioribus
1663 1223 1695 1249 et
1720 1218 1916 1260 quibuslibet

270 1276 340 1306 aliis
373 1275 584 1305 ecclesiarum
617 1275 748 1315 prelatis
781 1277 812 1304 et
842 1274 990 1314 personis
1025 1273 1255 1303 ecclesiasticis
1282 1273 1340 1302 sub
1370 1283 1454 1313 pena
1485 1271 1727 1312 degradationis
1753 1273 1785 1300 et
1808 1270 1915 1311 priva-

270 1327 366 1356 tionis
397 1326 607 1366 dignitatum,
640 1326 815 1356 officiorum
847 1329 878 1355 et
908 1324 1126 1366 quorumlibet
1157 1324 1385 1354 beneficiorum
1417 1334 1542 1354 necnon
1572 1322 1854 1353 communitatibus
1886 1323 1918 1352 et

273 1379 538 1409 universitatibus
564 1379 746 1413 civitatum,
778 1381 955 1407 casnm-um
982 1380 1013 1407 et
1037 1387 1301 1417 quorumeunque
1326 1376 1483 1410 locorum,
1514 1374 1755 1405 marchionibus
1781 1383 1916 1414 quoque,

271 1430 417 1465 ducibus,
437 1430 619 1467 comitibus,
638 1429 813 1460 baronibus
826 1433 857 1459 et
872 1429 1007 1469 singulis
1022 1428 1221 1470 quibuslibet
1237 1428 1381 1469 personis
1394 1427 1452 1458 sub
1466 1438 1551 1469 pena
1565 1426 1753 1468 privationis
1764 1425 1916 1459 omnium,

274 1493 334 1523 que
360 1493 378 1512 a
403 1482 649 1523 quibuseunque
675 1485 788 1511 tenent
813 1481 974 1517 ecelesiis,
999 1480 1195 1521 generaliter
1219 1480 1376 1510 edicimus
1401 1483 1433 1510 et
1458 1479 1634 1510 districtius
1659 1478 1853 1515 inhibemus⁷
1878 1487 1918 1507 nc

275 1544 344 1564 eum
371 1537 548 1565 memorato
574 1533 756 1564 Uonradino
781 1536 836 1563 aut
861 1533 922 1562 alio
949 1543 1005 1573 pro
1032 1533 1100 1573 ipso
1127 1542 1183 1562 seu
1211 1532 1242 1562 in
1268 1531 1410 1562 favorem
1436 1531 1537 1572 ipsius
1562 1531 1762 1568 societatem,
1787 1529 1919 1569 colliga-

274 1586 391 1616 tionem
410 1586 459 1615 vel
477 1595 668 1626 quecunque
686 1584 798 1615 federa
817 1584 1011 1614 contrahant
1028 1584 1078 1614 vel
1097 1587 1264 1613 contracta
1287 1583 1470 1613 observent.
1510 1583 1577 1613 Nos
1596 1583 1691 1620 enim,
1716 1581 1917 1619 societatem⁷

274 1637 513 1677 colligationem
540 1641 571 1667 et
596 1636 707 1667 federa
732 1635 926 1673 huiusmodi,
952 1636 1049 1666 etiam
1075 1635 1101 1665 si
1127 1636 1191 1665 sint
1216 1635 1469 1665 iuramentorum
1487 1635 1539 1665 vel
1558 1644 1714 1676 penarum
1739 1632 1919 1663 adiectione

275 1700 330 1720 seu
357 1699 544 1730 quoeumple
570 1689 632 1718 alio
659 1688 785 1718 vinculo
817 1687 982 1719 roborata.
1013 1687 1052 1721 de
1084 1687 1256 1728 pmestatis
1288 1686 1489 1727 plenitudine
1514 1686 1727 1717 dissolventes
1753 1688 1785 1715 et
1810 1694 1920 1714 carere

276 1744 455 1771 statiiffiites
481 1741 567 1770 omni
593 1740 705 1770 robore
730 1740 901 1775 firmitatis,
926 1740 1094 1769 universos
1120 1742 1151 1769 et
1167 1738 1322 1779 singulos,
1348 1738 1453 1779 quise
1471 1738 1510 1768 ad
1528 1748 1638 1769 eorum
1663 1736 1921 1768 observationem

275 1793 559 1833 ‹piommloounque
581 1802 637 1822 seu
661 1796 944 1832 quantumeunque
969 1791 1189 1831 sollempniter
1211 1790 1443 1825 astrinxerunt,
1468 1789 1507 1820 ad
1526 1801 1565 1820 ea
1589 1789 1791 1820 observanda
1809 1787 1920 1818 decer-

276 1845 379 1874 nimus
405 1855 465 1874 non
490 1844 592 1874 tenori
617 1854 676 1873 nee
700 1844 785 1884 ipsos
811 1854 867 1884 pro
894 1854 945 1875 eo.
976 1842 1059 1883 quod
1086 1842 1139 1872 illa
1164 1853 1226 1872 non
1252 1843 1463 1877 servaverint,
1490 1852 1586 1882 posse
1612 1841 1650 1872 de
1676 1845 1767 1871 reatu
1792 1839 1922 1881 periurii

278 1896 325 1926 vel
359 1897 479 1926 ratione
504 1906 658 1936 penarum
690 1898 744 1924 aut
776 1905 1040 1935 quarumcunque
1077 1894 1323 1935 promissionum
1358 1894 1408 1924 vel
1442 1893 1692 1923 conventionum
1724 1892 1922 1923 adiectarum

277 1947 308 1977 in
335 1948 382 1977 eis
407 1947 437 1976 in
465 1947 581 1976 iudieio
609 1947 657 1977 vel
684 1950 772 1976 extra
800 1946 911 1987 impeti
945 1957 1002 1976 seu
1035 1946 1238 1986 aliquatenus
1268 1945 1444 1976 molestari.
1492 1944 1595 1975 Simili
1620 1954 1747 1985 quoque
1771 1943 1922 1985 prohibe-

279 2009 347 2028 mus
378 1998 497 2033 edicto,
535 2009 573 2028 ne
603 1999 673 2038 quis
706 1997 895 2039 [memorato
927 1996 1143 2038 Conradinol²²
1167 1998 1217 2027 vel
1246 1997 1301 2027 alii
1330 2008 1386 2038 pro
1423 2007 1460 2027 eo
1494 1997 1525 2026 in
1561 1996 1670 2037 aliqua
1703 1998 1795 2037 parte
1828 1994 1922 2024 Italie

277 2050 406 2080 obediat
432 2050 481 2080 vel
508 2050 663 2084 intendat,
689 2060 746 2079 sen
771 2049 811 2079 ad
836 2050 941 2090 ipsum
968 2048 1073 2085 vadat,
1100 2049 1244 2079 nuntium
1264 2049 1314 2078 vel
1340 2048 1466 2078 litteras
1485 2048 1513 2077 ei
1532 2048 1637 2078 mittat
1654 2048 1713 2078 sub
1732 2056 1921 2088 quocunque

279 2102 436 2132 velamine
469 2106 523 2131 aut
556 2102 692 2142 recipiat
717 2101 755 2131 ab
781 2101 910 2134 eodem,
942 2112 1022 2131 neve
1049 2101 1126 2133 sibi,
1158 2101 1247 2141 genti
1273 2100 1323 2131 vel
1353 2100 1473 2130 nuntiis
1504 2100 1569 2130 suis
1601 2099 1726 2129 fodrum
1752 2099 1922 2137 ministret,

280 2164 378 2194 eqiws
404 2153 452 2183 vel
485 2164 573 2183 arma
599 2154 647 2183 vel
674 2164 772 2183 naves
799 2153 857 2183 sub
883 2153 1075 2183 venditionis
1106 2153 1198 2182 titulo
1225 2156 1280 2182 aut
1309 2162 1512 2193 quocumque
1537 2152 1599 2182 alio
1625 2152 1732 2181 colore
1757 2150 1923 2188 concedat,

280 2216 337 2235 nec
363 2206 402 2235 ab
436 2206 503 2245 ipso
529 2205 710 2234 (fonradino
737 2206 785 2235 vel
815 2205 876 2234 alio
911 2215 966 2245 pro
992 2215 1029 2235 eo
1057 2205 1217 2245 stipendia
1241 2214 1445 2244 quecumque
1472 2204 1606 2245 recipiat
1630 2203 1679 2233 vel
1703 2214 1759 2244 pro
1784 2202 1922 2243 receptis

283 2257 446 2286 servitium
473 2257 661 2297 promissum
688 2256 844 2286 exhibere
869 2260 1049 2297 presumat.
1086 2267 1143 2286 nee
1169 2256 1246 2285 alias
1278 2255 1520 2296 quomodolibet
1545 2255 1591 2285 eis
1616 2255 1667 2285 vel
1692 2265 1803 2285 eorum
1829 2253 1924 2284 alicui

283 2315 335 2337 aut
354 2308 405 2337 alii
425 2308 520 2337 etiam
540 2319 595 2348 pro
615 2308 801 2338 (¹om·adino
826 2307 971 2349 predicto
997 2312 1119 2348 prestet
1144 2308 1312 2338 auxilium.
1339 2307 1507 2337 eonsilium
1526 2307 1576 2337 vel
1598 2307 1742 2336 favorem
1760 2305 1923 2347 publicum

283 2359 331 2388 vel
358 2359 527 2388 amulium.
565 2360 715 2399 Alioquin
742 2360 771 2389 in
797 2370 917 2392 omnes,
943 2360 994 2400 qui
1020 2364 1131 2389 contra
1156 2358 1315 2399 predictas
1340 2358 1547 2389 inhibitiones
1572 2362 1698 2388 nostras
1716 2358 1765 2388 vel
1784 2357 1924 2398 ipsarum

283 2411 420 2449 aliquam
447 2414 567 2440 temere
594 2412 702 2440 venii-o
727 2421 918 2452 quoeunque
944 2410 1039 2441 modo
1066 2410 1336 2451 presumpserint,
1361 2411 1592 2451 cuiuscumque
1617 2410 1734 2440 fuerint
1758 2408 1923 2449 dignitatis

284 2462 330 2490 vel
356 2466 472 2494 status,
504 2473 629 2491 exnunc
662 2463 1006 2493 exeominunicationis
1041 2463 1236 2492 sententiam
1262 2462 1300 2492 de.
1332 2463 1465 2492 fratrum
1492 2461 1667 2492 eorundem
1693 2461 1826 2492 consilio
1851 2470 1923 2501 pro-

285 2513 478 2549 mulgamus.
516 2514 592 2542 alia>
629 2520 736 2543 eontra
773 2515 859 2555 ipsos
891 2515 1020 2554 ⁴gravius
1054 2514 1268 2554 spiritualiter
1304 2518 1335 2543 et
1366 2513 1606 2554 temporaliter,
1643 2517 1737 2554 prout
1768 2522 1924 2543 excessus

387 2664 408 2681 Δι1
430 2665 564 2683 incinerato
584 2661 725 2684 conradum»
744 2662 811 2685 deest
833 2662 861 2685 Ii'.

394 2736 397 2757 1
438 2735 476 2764 (γ’.
492 2745 515 2759 n,
533 2740 583 2759 aso·
602 2739 622 2759 vs
648 2736 705 2762 ΗΓ.
720 2741 810 2762 asara.

1966 658 1989 676 lo

1966 915 1989 934 15

1971 1436 1994 1455 25

1974 1699 1998 1716 30

1976 2214 2000 2231 40

1977 2478 2001 2496 45
