2106 2979
45 651 67 669 ιι)

44 911 66 929 15

43 1169 67 1187 20

45 1687 69 1705 30

46 1948 69 1965 35

49 2307 73 2324 411

49 2617 72 2635 45

686 89 882 115 EPISTOLAE
901 89 1089 115 SELECTAE.
1128 90 1202 116 1263.
1697 95 1759 124 503

121 176 151 206 in
184 175 320 206 Colonia
355 176 549 206 concessisti,
618 175 811 217 Proscriptis
847 179 954 206 autem
992 175 1030 206 de
1067 175 1200 216 speciali
1237 177 1341 216 gratia
1377 177 1554 216 indulsisti,
1595 182 1630 210 ut
1668 182 1762 210 extra

123 227 290 257 Coloniam
309 227 339 257 in
360 227 441 257 villis
467 231 498 258 et
523 227 649 269 oppidis
674 227 735 257 tuis
760 230 892 268 possent
914 227 1014 257 libere
1040 227 1240 261 commorari,
1264 227 1367 259 donee
1386 233 1489 270 perte
1508 233 1539 260 et
1555 241 1612 271 per
1628 241 1760 272 magna-

123 282 171 308 tes
195 282 280 309 terre
305 279 485 309 discussum
511 279 682 316 existeret,
708 289 768 320 qno
799 279 868 309 iure
893 279 943 309 vel
978 289 1039 319 qua
1071 279 1177 319 gratia
1206 283 1337 320 possent
1365 280 1502 311 reditum
1535 281 1566 312 in
1592 282 1759 313 Coloniam

121 329 276 360 obtinere.
324 329 405 360 Cum
429 334 537 361 autem
566 330 735 361 occasione
760 330 942 361 huiusmodi
968 333 1077 371 portas
1106 333 1138 360 et
1169 330 1364 362 munitiones
1389 332 1530 363 civitatis
1556 332 1759 365 Coloniensis

120 381 150 411 in
176 384 263 411 tuam
295 381 471 412 custodiam
502 383 699 423 recepisses,
729 382 811 413 sicut
840 382 871 412 id
907 386 1034 422 poteras
1070 385 1232 422 tamquam
1262 382 1407 413 eiusdem
1435 383 1575 415 civitatis
1612 384 1760 415 dominus

121 433 318 474 temporalis,
343 437 376 464 et
400 443 489 464 esses
513 434 544 464 in
569 433 743 464 earundem
770 437 932 475 portarum
957 437 988 464 et
1013 433 1225 464 munitionum
1250 435 1459 475 possessione
1484 436 1633 476 pacifica,
1664 437 1761 467 iidem

122 484 258 515 malefici
282 495 340 526 per
364 485 464 515 verba
488 485 644 516 mendacii
674 485 864 515 coadunatis
897 496 953 515 sue
979 495 1143 516 venenose
1173 485 1402 516 machinationi
1430 487 1640 528 popularibus
1666 487 1760 518 Colo-

120 535 287 566 niensibus
319 547 359 566 cx
389 536 562 577 improviso
594 540 703 578 portas
733 540 764 567 et
792 537 987 567 munitiones
1018 537 1104 577 ipsas
1136 536 1300 568 hostiliter
1331 537 1518 569 invaserunt
1542 542 1574 569 et
1604 539 1760 580 quosdam

120 587 159 617 de
186 588 248 618 tuis
273 587 393 618 ibidem
419 591 529 629 captos
560 588 732 619 crudeliter
765 588 961 618 occiderunt.
1009 588 1073 618 Sed
1098 591 1142 623 tu,
1167 588 1219 629 qui
1244 599 1301 629 pro
1327 590 1555 621 conservandis
1579 591 1703 621 iuribus
1730 595 1762 622 et

120 639 294 669 honoribus
318 640 418 681 ipsius
443 639 581 670 ecclesie
606 650 703 681 super
726 639 786 669 hiis
812 640 909 670 etiam
928 640 1018 680 gravi
1036 642 1068 670 te
1093 639 1254 670 debueras
1276 641 1468 681 exposuisse
1486 642 1640 683 periculo,
1666 653 1763 684 super

119 691 244 721 iniuriis
274 691 332 721 tibi
367 695 398 721 et
433 690 538 721 eidem
574 692 712 722 ecclesie
743 691 850 721 taliter
884 691 1034 732 irrogatis
1069 694 1102 721 et
1132 691 1294 722 nonnullis
1324 692 1446 723 iuribus
1477 694 1698 734 spectantibus
1723 694 1763 724 ad

120 742 229 773 sedem
247 742 475 773 Coloniensem
493 743 614 773 ratione
632 743 819 784 temporalis
835 743 1063 773 iurisdictionis
1081 743 1234 784 predicte,
1259 743 1289 773 in
1311 754 1446 784 quorum
1467 755 1539 775 eras
1556 746 1762 786 possessione

118 794 261 836 pacifica,
288 794 487 836 quorundam
505 795 693 825 clericorum
712 799 744 825 et
762 795 914 825 laicorum
932 795 1062 825 arbitrio
1081 795 1280 836 interpositis
1298 795 1359 825 fide
1377 806 1414 826 ae
1432 796 1622 834 iuramento,
1648 796 1763 827 litteris

119 850 150 877 et
173 846 417 877 fideiussoribus
451 846 533 876 datis
563 850 595 877 et
619 847 710 888 penis
735 846 869 877 adiectis
894 850 925 877 te
950 847 1054 877 minus
1087 846 1219 888 provide
1245 847 1469 879 summisistilz
1501 848 1555 889 qui
1580 859 1676 890 super
1699 848 1760 879 hoc

119 899 261 939 iniquum
293 898 460 929 arbitrium
495 901 605 929 contra
639 902 670 928 te
705 902 737 929 et
773 898 908 929 eandem
942 898 1112 929 ecclesiam
1142 898 1360 939 protulerunt,
1393 900 1483 930 cuius
1513 903 1664 941 pretextu
1694 900 1764 941 ipsa

119 951 256 981 ecclesia
280 950 310 980 in
330 949 480 991 predictis
505 949 628 980 iuribus
653 953 684 980 ct
707 950 779 980 aliis
806 950 901 980 rebus
927 960 1091 980 enormem
1116 949 1271 981 lesionem
1288 949 1404 981 dicitur
1420 951 1603 984 incurrisse.
1642 951 1764 982 Verum

117 1012 188 1032 cum
206 1001 289 1031 inter
307 1005 423 1039 cetera,
449 1012 511 1042 que
530 1001 613 1032 idem
632 1001 798 1032 arbitrium
813 1002 1011 1039 continebat,
1038 1001 1096 1032 hoc
1115 1004 1200 1032 esset
1219 1012 1420 1043 expressum,
1446 1003 1530 1044 quod
1549 1006 1582 1033 tu
1598 1003 1763 1034 Coloniam

117 1053 235 1084 intrare
254 1053 400 1087 deberes,
418 1057 606 1095 recepturus
625 1053 793 1084 emendam
812 1053 842 1083 in
859 1053 991 1083 arbitrio
1010 1054 1079 1095 ipso
1097 1063 1284 1095 expressam
1303 1058 1334 1084 et
1353 1054 1541 1085 fidelitatem
1560 1055 1600 1085 ab
1618 1055 1764 1086 omnibus

118 1105 324 1146 supradictis,
356 1109 388 1135 et
416 1106 446 1135 in
476 1105 595 1146 palatio
626 1109 680 1136 tuo
713 1105 893 1136 resideres³
925 1105 1114 1135 fidelitatem
1147 1108 1335 1147 recepturus
1361 1106 1513 1143 eandem,
1544 1110 1592 1143 tu,
1625 1118 1681 1149 per
1705 1108 1763 1138 im-

120 1157 321 1198 pressionem
356 1157 464 1198 populi
497 1168 558 1187 non
584 1157 716 1187 rationis
749 1156 807 1187 sed
832 1157 1007 1187 voluntatis
1034 1157 1228 1187 sententiam
1264 1157 1389 1187 dictans
1425 1169 1482 1189 seu
1518 1169 1576 1199 per
1610 1159 1764 1200 quosdam

120 1208 244 1239 nobiles
278 1208 391 1239 dictari
424 1209 582 1245 tolerans,
622 1209 765 1249 prefatos
801 1209 998 1250 proscriptos
1027 1209 1206 1239 sustinuisti
1238 1209 1425 1239 Coloniensi
1462 1210 1587 1240 restitui
1625 1211 1765 1243 civitati:

121 1261 173 1301 qui
198 1261 314 1291 amotis
340 1260 417 1297 illis,
448 1271 528 1301 quos
551 1260 581 1290 in
605 1260 790 1291 memoratis
819 1261 930 1290 officiis
955 1260 1059 1290 dictus
1085 1260 1118 1290 O.
1145 1260 1408 1302 archiepiscopus
1441 1262 1668 1300 constituerat,
1705 1262 1764 1292 sibi

121 1312 228 1343 officia
251 1312 384 1354 pristina
408 1312 627 1353 usurparunt²
651 1312 681 1342 in
706 1323 869 1342 enormem
895 1312 1052 1343 lesionem
1078 1312 1217 1343 ecclesie
1242 1316 1429 1343 meinorato.

222 1364 378 1395 Volentes
403 1364 500 1405 igitur
524 1363 705 1394 huiusmodi
730 1367 837 1394 errata.
861 1364 978 1404 corrigi
1004 1374 1060 1405 per
1085 1368 1115 1394 tc
1141 1364 1254 1405 ipsum,
1280 1364 1514 1395 fraternitatem
1541 1369 1627 1395 tuam
1653 1376 1761 1396 mone-

122 1427 191 1446 mus
216 1419 248 1446 ct
272 1416 439 1446 hortamur
463 1419 597 1451 attente,
623 1426 680 1457 per
704 1415 885 1456 apostoliea
910 1415 968 1445 tibi
986 1415 1104 1456 scripta
1129 1416 1159 1445 in
1185 1416 1303 1446 virtute
1330 1416 1515 1446 obedientie
1539 1428 1576 1447 ac
1601 1417 1660 1447 sub
1685 1428 1768 1458 pena

121 1468 465 1499 excommunicationis
489 1467 634 1498 districte
666 1467 873 1509 precipiendo
899 1466 1105 1504 mandantes,
1136 1468 1286 1508 quatinus
1304 1487 1343 1489 —ff
1357 1467 1419 1498 fide
1444 1471 1474 1498 et
1499 1467 1677 1498 iuramento
1711 1479 1767 1498 scu

122 1520 256 1558 litteris,
294 1519 403 1561 penis,
437 1518 640 1549 cautionibus
670 1522 701 1549 et
732 1519 892 1549 sententia
922 1518 1077 1560 predictis
1111 1529 1314 1560 nequaquam
1347 1519 1765 1561 obstantibus——prefatam

123 1572 292 1601 ecclesiam
316 1571 356 1602 ad
380 1582 452 1601 cum
478 1574 608 1607 statum,
634 1570 739 1611 quoad
764 1571 871 1601 omnia
895 1570 1079 1612 supradicta
1104 1574 1136 1600 ct
1161 1581 1270 1601 eorum
1295 1570 1472 1611 quodlibet,
1498 1572 1567 1602 sine
1593 1571 1764 1613 dispendio

122 1635 210 1655 more
235 1634 272 1653 ac
297 1623 487 1653 difficultate
513 1622 664 1655 reducas,
695 1622 746 1653 inb
771 1633 832 1663 quo
865 1626 948 1660 erat,
980 1626 1153 1663 antequam
1186 1622 1280 1652 dictis
1305 1623 1441 1663 captivis
1473 1623 1709 1654 habitationem
1735 1623 1766 1653 in

122 1675 256 1705 Colonia
270 1675 472 1715 indulgeres:
489 1674 740 1705 contradictores
758 1678 818 1704 cte.
840 1674 988 1704 invocato
1003 1678 1064 1704 etc.
1090 1674 1242 1715 Alioquin
1261 1674 1386 1704 dilectis
1403 1674 1476 1704 tiliis
1495 1699 1500 1705 .
1520 1699 1525 1705 .
1551 1674 1590 1706 de
1609 1675 1766 1706 Steivelt³

122 1731 154 1757 et
185 1726 282 1757 ..de
317 1727 526 1757 111111111111Ὶ104
563 1727 831 1756 monasteriorum
865 1726 1037 1756 abbatibus
1071 1725 1382 1756 premonstratensis
1416 1725 1536 1756 ordinis
1565 1726 1766 1757 Coloniensis

122 1778 259 1809 diocesis
294 1789 352 1819 per
385 1781 511 1808 nostras
545 1778 658 1808 damus
694 1777 818 1807 litteras
855 1778 885 1807 in
922 1777 1097 1815 mandatis,
1133 1781 1165 1807 ut
1203 1780 1233 1807 te
1262 1777 1302 1807 ad
1335 1777 1365 1807 id
1399 1778 1575 1808 monitione
1611 1778 1767 1819 premissa

122 1830 312 1860 auctoritate
349 1833 476 1859 nostraC
506 1829 725 1870 appellatione
762 1833 884 1860 remota
929 1829 1177 1870 (10111Ῑη-111111ῖἡ
1192 1840 1253 1859 11011
1293 1828 1464 1859 obstanted
1497 1829 1523 1859 si
1555 1829 1612 1859 tibi
1644 1841 1662 1860 a
1692 1829 1767 1860 sede

122 1882 299 1922 apostoliea
336 1882 377 1911 sit
413 1881 584 1919 indultum,
627 1881 712 1922 quod
754 1880 1041 1918 excommunicari,
1083 1880 1235 1922 suspendi
1277 1880 1327 1911 vel
1366 1880 1512 1911 interdici
1552 1892 1615 1911 non
1662 1881 1766 1922 possis

124 1944 180 1975 per
202 1933 326 1963 litteras
351 1933 562 1974 apostolicas,
592 1943 652 1962 non
682 1933 840 1963 facientes
870 1933 999 1974 plenam
1024 1936 1056 1963 ct
1086 1943 1275 1973 expressam
1312 1943 1348 1962 ac
1378 1932 1416 1962 de
1442 1932 1540 1963 verbo
1567 1932 1607 1962 ad
1632 1933 1766 1963 verbum

123 1985 162 2015 de
189 1985 311 2015 indulto
337 1984 517 2015 huiusmodi
544 1985 749 2021 mentionem,
775 1995 831 2015 seu
857 1984 920 2014 alia
944 1984 1088 2025 qualibet
1112 1984 1210 2025 ipsius
1235 1983 1340 2014 sedis‘3
1364 1983 1574 2025 indulgentia,
1599 1995 1767 2026 perquam

123 2037 257 2067 effeetus
282 2037 482 2078 presentium
508 2036 652 2077 impediri
679 2037 784 2067 valeat
809 2036 859 2067 vel
884 2036 1016 2066 differri.

226 2088 302 2119 Dat.
320 2088 405 2129 apud
430 2088 710 2126 Urbemveterem,
735 2088 847 2118 Idibus
872 2087 1024 2126 Ianuarii,
1050 2098 1132 2118 anno
1157 2087 1218 2118 11⁰.

926 2165 967 2195 ΙΙ.

204 2248 236 2256 ..
258 2221 306 2255 cle
335 2220 519 2255 Steivelt
549 2223 584 2255 et
613 2247 646 2255 ..
676 2221 726 2255 de
754 2220 1008 2255 Hamburne
1038 2219 1418 2254 monasteriorum
1447 2220 1690 2255 abhatibus

349 2281 786 2315 Premonstratensis
815 2280 985 2315 ordinis
1014 2279 1310 2315 Coloniensis
1338 2280 1543 2314 diocesis.

230 2347 309 2377 Cum
335 2346 444 2377 dilecti
474 2347 529 2376 filii
553 2349 605 2377 cle.
630 2348 663 2376 ut
685 2346 799 2385 sulm-af
820 2347 967 2376 invocato
995 2346 1035 2376 ad
1067 2346 1125 2376 hoc
1151 2349 1211 2376 etc.
1257 2344 1417 2380 Quocirca
1441 2345 1626 2376 discretioni
1658 2349 1764 2376 vestre

125 2409 183 2440 per
206 2399 383 2439 apostolica
407 2398 525 2438 scripta
548 2397 747 2430 mandamus,
773 2398 923 2438 quatinus
948 2398 974 2428 si
999 2397 1104 2428 dietus
1128 2397 1389 2438 archiepiscopus
1414 2396 1599 2427 mandatum
1623 2400 1767 2427 nostrum

228 2503 251 2533 a)
272 2503 411 2534 presideres
426 2502 471 2530 ]1’.,”
489 2503 521 2531 cf.
536 2511 573 2533 ep.
589 2502 645 2526 Ill.
728 2501 751 2530 b)
771 2502 797 2526 in
811 2516 843 2520 —
857 2506 995 2533 antequam
1014 2502 1040 2525 in.
1059 2502 1113 2525 loro
1134 2510 1192 2525 raso
1212 2501 1294 2525 minus
1312 2501 1388 2525 clare.
1472 2505 1494 2531 ὓ)
1515 2501 1665 2525 auctoritate
1684 2505 1769 2526 nostra

124 2546 149 2569 in
169 2546 223 2569 loco
244 2555 302 2570 raso
321 2548 404 2570 minus
422 2546 499 2570 clare.
582 2544 607 2573 d)
628 2546 662 2569 ita
682 2545 712 2569 B.
795 2544 818 2575 θ)
838 2546 917 2577 ipsius
937 2546 1002 2569 sedis
1021 2545 1047 2568 in
1066 2545 1119 2569 loco
1140 2554 1207 2568 raso.
1291 2543 1308 2573 f)
1329 2552 1368 2568 res
1387 2544 1477 2567 [terma
1496 2548 1629 2568 narratur.

231 2605 252 2635 l)
274 2605 306 2629 A.
324 2607 397 2636 1262,
428 2604 488 2629 Ιιιιι.
501 2608 543 2631 16:
562 2604 663 2629 Ennea
682 2613 707 2630 a.
724 2605 845 2636 Eckerts,
870 2605 886 2630 l.
899 2613 919 2630 c.
939 2607 956 2630 t.
975 2604 1020 2634 ΙΙ,
1043 2613 1070 2636 p.
1085 2608 1148 2636 453,
1171 2613 1195 2628 n.
1211 2608 1266 2629 434.
1354 2604 1380 2635 2)
1402 2603 1461 2629 Hoc
1488 2603 1643 2637 Enyelberio
1666 2604 1768 2629 absente

124 2648 225 2677 [αυτυυι
245 2646 358 2676 ridelnr;
382 2648 415 2678 cf.
427 2656 452 2679 1¹-
467 2651 530 2679 502,
557 2650 610 2672 not.
628 2652 649 2672 2.
738 2649 764 2672 3·
785 2648 928 2681 Rea-Bes.
942 2647 1049 2673 Aachen
1060 2668 1065 2678 ,
1091 2647 1141 2672 Kr.
1156 2646 1295 2672 Scblcidcn.
1391 2647 1417 2677 4)
1439 2647 1485 2672 Ea:
1503 2649 1565 2679 sept.
1578 2647 1624 2671 civ.
1641 2646 1767 2672 Ram-ort.

127 2689 231 2715 Eisdem
250 2690 384 2715 abbatibus
403 2690 490 2715 wllme
510 2699 533 2714 ιι.
551 2694 623 2722 1262,
648 2691 710 2716 Dec.
724 2694 753 2716 31
774 2690 903 2716 inundata
928 2691 956 2715 iu
977 2691 1090 2722 furorem
1117 2690 1305 2722 archicpiscopi
1323 2689 1467 2716 diremerat:
1492 2689 1549 2715 Lib.
1566 2689 1609 2721 II,
1630 2693 1662 2715 42
1679 2693 1701 2715 ct
1723 2694 1768 2722 47,-

123 2733 157 2764 cf.
170 2736 204 2758 46
223 2735 247 2758 ct
266 2736 313 2763 4&
334 2732 430 2765 Fini-e,
451 2733 541 2765 Weslf.
560 2733 588 2759 U.
601 2733 634 2759 Β.
649 2737 665 2759 t.
683 2734 711 2766 V,
728 2743 756 2767 p.
771 2737 826 2766 291,
843 2743 869 2760 n.
886 2738 933 2760 624
953 2737 976 2760 ct
994 2738 1057 2765 625,·
1078 2734 1108 2765 cf.
1124 2742 1150 2759 n.
1163 2736 1210 2759 626
1227 2735 1252 2758 et
1271 2736 1330 2759 626.
