2106 2979
77 666 101 685 10

79 925 101 943 15

80 1185 104 1204 20

81 1444 104 1463 25

84 1701 108 1719 30

85 1963 107 1982 35

87 2223 111 2241 40

89 2480 112 2498 45

714 105 911 132 EPISTOLAE
930 106 1117 132 SELECTAE.
1155 106 1229 132 1267.
1734 107 1795 138 689

152 193 258 224 fratris
282 192 412 223 Martini
436 191 582 234 predicti.
628 191 723 223 Unde
747 196 854 223 rectus
879 203 940 223 non
964 193 1085 234 patitur
1109 193 1313 231 intellectus,
1346 192 1430 234 quod
1460 192 1500 224 de
1525 193 1596 223 aliis
1626 192 1795 224 sententiis

154 244 295 276 senserit
319 254 415 285 quam
447 244 486 274 de
514 243 592 280 illis,
628 254 689 284 que
721 244 752 274 in
784 255 857 275 eum
887 245 1022 275 fortasse
1054 244 1175 286 pluries
1206 244 1246 275 ob
1271 244 1390 275 dictam
1414 245 1602 286 pecuniam,
1640 254 1736 286 quam
1761 254 1795 274 se

153 296 332 327 soluturum
351 296 524 333 iuraverat,
549 298 643 336 prout
661 294 784 330 dicitur,
810 295 937 326 fuerant
962 296 1172 337 promulgate.
1212 296 1263 326 Ex
1288 307 1351 337 quo
1375 297 1503 327 videtur
1527 307 1623 338 posse
1649 296 1794 327 concludi

152 348 296 385 ulterius,
322 346 405 388 quod
431 357 490 377 nec
515 346 555 377 ab
580 346 643 377 illis
668 347 844 377 efficaciter
869 348 977 377 extitit
1001 347 1177 385 absolutus,
1201 349 1227 378 si
1252 347 1290 379 de
1315 348 1387 378 aliis
1411 349 1520 381 tacuit,
1546 358 1617 378 cum
1642 348 1714 378 talis
1739 348 1795 378 ab·

153 399 267 430 solutio
284 398 439 440 prodesse
458 402 607 439 nequeat,
633 408 704 429 cum
723 399 901 439 obrepticia
926 400 967 429 sit
996 399 1172 433 censenda:
1198 409 1293 440 quam
1311 400 1405 430 etiam
1424 400 1594 430 veritatem
1613 400 1796 440 intelligens

152 451 335 481 nullatenus
361 450 516 481 exhibere
541 449 682 480 deberet.
729 449 820 485 Quod
838 461 912 480 vero
930 450 968 481 ad
992 450 1210 481 defensionem
1235 450 1403 482 dicebatur
1425 451 1537 493 ipsius:
1563 452 1660 482 latam
1686 455 1797 482 contra

152 502 356 543 impositores
371 502 564 532 sententiam
578 512 650 532 eum
670 513 730 532 non
745 505 888 543 tangere,
907 513 977 533 cum
991 503 1252 544 decessoripsius
1266 503 1385 533 dietum
1398 502 1570 544 pedagium
1589 503 1797 544 percepisset,

153 556 184 584 et
201 554 247 584 sic
264 564 327 584 non
346 553 405 584 iste
423 553 592 594 impositor
608 553 670 584 dici
694 558 829 594 poterat,
856 554 913 584 sed
931 555 1125 595 impositoris
1144 565 1326 585 successor:
1353 555 1429 585 satis
1448 554 1588 584 validum
1613 558 1644 585 et
1666 554 1705 585 ad
1729 555 1797 585 eius

153 605 375 636 defensionem
399 605 562 635 sufficiens
587 605 685 646 aliqui
712 605 916 646 reputabant,
942 617 1012 636 cum
1030 617 1088 637 nec
1104 607 1242 637 nominis
1260 606 1385 636 dicatur
1402 607 1580 647 impositor,
1606 607 1797 647 quicumque

153 657 296 687 nominat
321 656 417 687 alium
443 667 501 687 suo
526 657 667 689 nomine,
692 656 748 687 sed
774 657 826 698 qui
852 658 972 698 primus
1004 658 1155 699 imposuit
1180 658 1285 699 ipsum
1311 668 1437 688 nomen.
1483 657 1534 688 Ad
1560 657 1644 698 quod
1671 660 1798 698 poterat

154 708 357 749 responderi,
387 707 471 749 quod
496 707 534 739 de
562 709 656 739 factis
686 709 781 739 licitis
809 713 839 739 ct
866 710 986 739 illicitis
1012 720 1074 740 non
1099 714 1148 740 est
1172 709 1313 740 dandum
1337 709 1490 740 iudicium
1515 710 1682 740 uniforme.
1729 708 1798 743 Quo

155 760 239 791 enim
264 760 350 790 licite
374 759 590 801 predecessor
613 760 763 793 obtinuit,
789 761 925 802 quodam
952 761 1019 791 iure
1045 762 1196 791 continuo
1221 761 1261 792 ad
1285 762 1353 791 eius
1379 764 1547 791 transeunt
1570 771 1799 795 successorem,

154 811 238 842 unde
271 814 303 842 et
332 821 397 842 una
421 822 559 852 persona
585 812 615 842 in
640 812 758 842 talibus
789 813 995 843 extimantur.
1042 812 1106 843 Ubi
1131 823 1206 843 vero
1237 813 1276 843 de
1307 813 1427 843 illicitis
1452 813 1558 854 agitur
1582 823 1638 843 seu
1663 812 1799 849 delictis,

154 863 361 894 decessorem
386 873 457 894 cum
484 874 673 894 successore
699 874 761 894 non
786 875 881 894 unam
908 874 1078 905 personam
1104 864 1250 897 dicimus,
1276 864 1331 894 sed
1356 864 1462 904 capita
1479 864 1584 905 potius
1602 864 1798 905 singulorum

155 914 340 956 inspicimus
366 915 418 955 qui
443 914 642 955 delinquunt,
668 920 719 945 etfl
738 915 855 946 idcirco
874 916 1086 957 promissoris,
1111 917 1164 957 qui
1190 917 1252 946 vim
1277 916 1424 957 promisit
1448 926 1511 946 non
1529 915 1647 953 facere,
1672 916 1720 946 vis
1738 916 1801 945 alia

155 966 272 997 dicitur
288 977 382 1007 quam
401 966 540 1004 heredis,
558 978 616 997 nec
635 972 684 998 est
702 968 829 1009 proprie
852 969 1048 998 continuitas
1066 969 1097 998 in
1115 968 1243 998 illicitis,
1283 967 1375 998 Unde
1395 967 1509 998 vitiosa
1526 967 1690 1008 possessio
1707 967 1800 998 alteri

155 1018 206 1049 vel
230 1018 259 1048 ei
284 1019 385 1048 altera
410 1029 473 1049 non
498 1019 632 1050 accedit.
679 1020 763 1049 Sane
789 1023 945 1060 quotquot
969 1020 1071 1060 primo
1095 1019 1270 1050 succedant
1294 1030 1410 1049 novum
1436 1023 1593 1060 ponentes
1617 1018 1801 1059 pedagium,

155 1080 224 1100 cum
251 1070 356 1100 seclus
381 1071 545 1111 proprium
570 1074 818 1111 prosequantur,
844 1072 1048 1112 iinpositores
1073 1072 1182 1112 utique
1208 1074 1281 1101 sunt
1306 1070 1468 1101 censendi.
1508 1070 1589 1100 Nam
1615 1071 1645 1100 in
1671 1069 1799 1100 Macha-

155 1121 287 1152 beorum
312 1121 455 1162 hystoria
480 1122 518 1152 de
544 1123 651 1163 pueris
676 1122 814 1163 legimus
834 1123 1021 1157 Alexandri,
1047 1123 1129 1164 quod
1156 1124 1379 1164 imposuerunt
1398 1123 1458 1153 sibi
1477 1122 1661 1153 diademata
1686 1122 1746 1162 ipsi
1772 1124 1802 1152 et

155 1173 211 1203 filii
236 1173 411 1203 eorundem
437 1178 507 1214 post
532 1174 636 1215 ipsos2
669 1174 753 1215 quod
784 1175 928 1216 profecto
960 1175 1003 1205 sic
1036 1174 1133 1205 debet
1162 1175 1313 1215 intelligi,
1344 1173 1428 1215 quod
1462 1185 1532 1204 cum
1558 1174 1589 1204 in
1614 1174 1721 1214 regnis
1747 1183 1804 1214 per

156 1224 340 1255 violentiam
365 1225 530 1266 occupatis
555 1226 603 1255 ius
628 1226 757 1266 aliquod
783 1236 844 1256 non
877 1226 1049 1259 haberent,
1084 1237 1196 1256 novam
1228 1226 1345 1266 singuli
1375 1225 1618 1256 committebant
1646 1225 1802 1257 iniuriam,

157 1279 189 1306 et
211 1275 283 1306 ideo
308 1276 425 1317 singuli
451 1277 512 1307 sibi
537 1277 720 1308 diademata
745 1277 964 1319 imponebant.
1006 1278 1077 1308 Hoc
1104 1278 1201 1309 ctiam
1227 1278 1305 1307 satis
1331 1277 1491 1318 approbat
1516 1287 1617 1307 canon
1643 1277 1803 1317 antiquus,

157 1328 210 1369 qui
235 1328 397 1369 episcopis
422 1329 572 1370 prohibet
598 1340 639 1360 ex
663 1340 723 1360 usu
749 1330 845 1360 etiam
870 1340 1046 1371 gravamen
1072 1341 1129 1360 seu
1156 1329 1274 1360 servile
1300 1329 1441 1359 officium
1466 1329 1630 1370 imponere
1655 1327 1803 1363 subditis,

158 1379 325 1410 evidenter
349 1381 531 1415 insinuans,
565 1381 649 1422 quod
680 1382 857 1422 precedens
884 1392 960 1412 usus
987 1382 1115 1412 illicitus
1141 1384 1393 1422 prosequentem
1418 1391 1513 1411 usum
1538 1379 1720 1410 huiusmodi
1744 1379 1802 1409 im—

158 1432 332 1473 positorem
357 1443 419 1463 non
445 1433 595 1474 prohibet
620 1434 789 1464 nominari.
831 1434 924 1464 siivili
951 1444 1061 1464 rursus
1087 1436 1216 1464 cautum
1243 1437 1292 1463 est
1315 1433 1491 1465 sanctione,
1517 1431 1601 1472 quod
1620 1432 1695 1462 licet
1712 1441 1803 1462 exer—

159 1484 240 1514 citor
264 1495 320 1525 pro
344 1485 490 1525 magistri
522 1484 650 1521 delicto,
688 1496 783 1526 quem
816 1496 876 1515 non
907 1486 975 1526 ipsc
1009 1485 1063 1515 scd
1094 1485 1174 1515 alius
1204 1488 1434 1526 preposuerat,
1467 1486 1615 1514 tencatur
1646 1482 1803 1513 interdum

159 1536 324 1576 ignorans,
360 1537 386 1567 si
418 1540 524 1567 tamen
558 1537 618 1567 scit
643 1540 675 1567 ct
699 1537 835 1578 patitur,
868 1537 936 1578 ipsc
962 1536 1042 1567 adeo
1069 1548 1142 1567 eum
1167 1537 1361 1577 imposuisse
1387 1535 1528 1568 videtur,
1562 1538 1596 1565 ut
1629 1533 1803 1565 secundum

160 1598 362 1618 communem
397 1591 427 1618 et
460 1588 623 1619 celebrem
657 1589 859 1619 intellectum
894 1599 956 1619 non
991 1589 1082 1630 quasi
1114 1599 1170 1629 pro
1200 1588 1350 1629 imposito
1382 1587 1422 1618 ab
1453 1587 1515 1618 alio
1547 1590 1710 1622 teneatur,
1748 1585 1804 1616 sed

161 1640 265 1680 potius
290 1651 308 1669 a
334 1651 368 1670 se
398 1640 477 1681 ipso.
526 1641 558 1671 Si
590 1651 681 1681 crgo.
715 1644 749 1670 ut
774 1640 864 1675 dicit,
898 1641 1100 1682 percipiebat
1132 1650 1249 1670 novum
1275 1640 1449 1680 pedagium
1474 1638 1702 1680 predecessor,
1733 1648 1802 1668 suc-

161 1701 269 1721 cessor
294 1692 418 1732 utiquc,
451 1693 503 1733 qui
535 1692 628 1723 scivit
658 1696 689 1722 ct
719 1703 833 1733 passus
859 1697 906 1722 cst
930 1692 1069 1734 percipi,
1102 1692 1296 1733 imposuisse
1328 1690 1482 1721 dicendus
1507 1695 1556 1720 est
1580 1691 1686 1721 verius
1711 1700 1805 1731 quam

163 1743 344 1784 impositum
370 1744 566 1785 percepisse.

266 1795 413 1825 Secundo
439 1796 607 1826 videbatur
637 1796 719 1826 idem
746 1797 867 1826 clectus
897 1796 1074 1837 pernitiose
1105 1796 1204 1825 fuisse
1229 1795 1413 1835 negligens,
1444 1804 1514 1824 cum
1539 1804 1597 1835 per
1621 1804 1677 1823 sex
1704 1803 1805 1824 annos

163 1849 193 1875 ct
218 1847 378 1887 amplius¹
406 1847 435 1877 in
462 1848 569 1888 pallei,
595 1848 678 1888 quod
706 1848 863 1878 instanter
886 1851 998 1888 petere
1024 1847 1201 1883 debuisset,
1228 1847 1382 1888 petitione
1407 1850 1580 1880 cessasset,
1606 1848 1637 1875 et
1660 1845 1720 1875 hoc
1738 1845 1805 1885 ipso

163 1899 251 1928 iuxta.
269 1909 432 1929 sacrorum
451 1910 607 1929 canonum
628 1901 812 1930 sanctiones
831 1899 987 1940 dignitate
1006 1899 1178 1929 commissa
1196 1908 1305 1928 carcre
1323 1896 1498 1928 debebat²z
1524 1897 1576 1938 qui
1602 1896 1678 1926 licet
1704 1896 1805 1926 felicis

164 1949 394 1980 recordationis
420 1951 596 1981 Alexandri
624 1956 655 1982 et
681 1951 802 1981 Urbani
829 1952 1027 1991 temporibus
1054 1951 1320 1991 predecessorum
1346 1954 1524 1979 nostrorum
1543 1959 1577 1978 se
1595 1947 1625 1978 id
1650 1958 1706 1989 per
1731 1958 1806 1978 suos

162 2001 282 2042 petisse
308 2003 436 2032 nuntios
462 2003 621 2044 speciales
653 2007 826 2034 assereret,
859 2003 981 2033 addens
1006 2002 1087 2043 quod
1115 2002 1210 2032 etiam
1237 2006 1372 2031 vacante
1398 2000 1537 2031 ecclesia
1561 2000 1643 2030 idem
1670 2000 1806 2040 petierat

163 2064 181 2082 a
205 2053 340 2093 collegio
366 2054 593 2087 cardinalium,
618 2055 783 2085 confessus
809 2059 858 2085 cst
882 2059 1006 2086 tamen,
1032 2053 1115 2094 quod
1141 2057 1250 2083 nostro
1275 2057 1420 2093 tempore
1450 2062 1512 2082 non
1546 2051 1699 2092 petierat,
1733 2051 1807 2092 quia

163 2116 181 2134 a
198 2104 349 2135 fratribus
375 2106 490 2136 nostris
515 2107 674 2147 aliquibus
693 2107 720 2136 ei
739 2106 858 2136 dictum
885 2107 1047 2138 extiterat,
1073 2110 1105 2135 ut
1132 2105 1268 2135 dicebat,
1293 2103 1388 2145 quod,
1414 2108 1523 2134 contra
1547 2103 1649 2144 ipsum
1675 2103 1806 2143 inquisi-

164 2156 250 2187 tione
276 2157 448 2197 pcndentc,
474 2158 656 2188 nullomodo
683 2157 812 2187 daretur
836 2158 950 2188 cidem.

267 2208 377 2238 Tertio
404 2208 574 2240 videbatur
600 2210 845 2243 inexcusabilis,
871 2210 939 2250 qui,
966 2212 1059 2250 prout
1084 2208 1253 2238 confessus
1279 2212 1327 2237 est
1353 2217 1458 2237 coram
1484 2205 1587 2239 nobis,
1612 2205 1806 2247 Phylippum

164 2259 323 2299 quondam
350 2260 528 2291 Metensem
554 2262 741 2302 episcopum
769 2261 967 2291 confirmavit
992 2270 1020 2290 ci
1048 2259 1229 2290 consecrari
1255 2257 1451 2293 mandavit3,
1484 2268 1577 2298 quem
1602 2267 1721 2297 negare
1745 2267 1806 2287 non

165 2316 290 2351 poterat
314 2313 378 2353 pati
403 2313 640 2344 intolerabilem
667 2314 696 2343 iu
724 2314 900 2343 litteratura
927 2312 1106 2345 defectum,
1141 2321 1210 2341 cum
1237 2310 1267 2340 id
1294 2314 1381 2340 esset
1404 2310 1434 2340 in
1460 2308 1603 2350 partibus
1630 2309 1691 2338 illis
1716 2311 1804 2338 noto-

165 2362 254 2398 rium,
280 2374 337 2394 nec
363 2375 435 2394 eum
461 2365 561 2395 latere
587 2368 724 2406 poterat,
750 2365 802 2405 qui
827 2364 968 2394 decanus
995 2363 1151 2394 Metensis
1177 2362 1314 2392 ecclesie
1341 2361 1446 2392 fuerat
1468 2360 1569 2391 multo
1595 2364 1750 2401 tempore,
1775 2360 1805 2390 in

165 2424 228 2455 qua
252 2415 335 2445 idem
361 2416 541 2458 phylippus
567 2420 636 2446 erat
661 2417 835 2447 canonicus
869 2426 939 2446 cum
973 2415 1095 2445 eodem.
1143 2414 1210 2444 Nee
1236 2413 1384 2444 sufficere
1410 2412 1581 2443 videbatur
1605 2411 1644 2441 ad
1669 2421 1803 2442 excusa-

165 2466 285 2496 tionem
316 2467 431 2508 ipsius,
462 2467 544 2508 quod
577 2478 639 2498 non
669 2468 737 2508 ipse
769 2468 1026 2499 examinaverat,
1060 2466 1116 2496 sed
1148 2464 1398 2496 examinandum
1423 2464 1628 2494 commiserat
1663 2463 1807 2504 personis

166 2517 306 2558 providis
333 2523 364 2549 et
388 2519 536 2550 discretis
549 2521 571 2555 ⁴,
603 2530 673 2549 curn
698 2523 847 2560 patenter
871 2518 994 2559 indigni
1019 2517 1225 2548 examinandi
1250 2527 1313 2546 non
1338 2516 1413 2551 sint,
1445 2515 1500 2545 sed
1525 2525 1544 2545 a
1568 2515 1676 2545 limine
1700 2514 1807 2556 potius

268 2631 291 2661 ⁸)
311 2632 363 2656 Nec
385 2632 460 2656 Gesta
485 2632 555 2657 Trev.

270 2700 294 2730 1)
315 2699 355 2730 Cf.
366 2708 394 2732 p.
408 2703 463 2728 467,
491 2702 542 2725 not.
555 2704 574 2724 1.
655 2699 681 2730 ⁶2)
703 2698 744 2731 Cf.
760 2699 835 2732 Cor-p.
852 2699 918 2724 iuris
935 2706 1029 2724 canon.
1044 2705 1064 2723 c.
1079 2702 1105 2729 1,
1130 2696 1188 2723 dist.
1203 2700 1250 2723 100
1269 2696 1390 2730 [Decreti
1408 2703 1472 2728 pars
1492 2695 1530 2728 I].
1610 2695 1637 2726 3)
1659 2693 1700 2726 Cf.
1713 2701 1738 2719 n.
1755 2696 1809 2719 577.

166 2742 192 2773 4)
214 2741 254 2772 Cf.
271 2742 400 2771 Martane.
422 2743 509 2775 Ampl,
525 2742 586 2768 Coll.
602 2745 619 2768 t.
634 2742 686 2773 IV,
704 2751 729 2775 p.
744 2746 800 2768 479.

270 2793 333 2820 Res.
348 2794 427 2820 Pour.
448 2794 494 2820 ΙΙΙ.
1571 2788 1603 2814 87

1815 1135 1832 1152 ι.
1843 1131 1896 1151 Mae.
1906 1134 1923 1152 l.
1933 1133 1964 1151 10.
