2106 2979
277 99 337 127 660
834 92 882 118 EX
902 90 1105 132 CLEMENTIS
1125 90 1162 115 IV
1179 90 1354 116 REGISTRO

378 181 537 211 *Nobilis¹
564 180 611 209 vir
633 179 775 209 Karalus
795 178 986 218 Andcgavie
1012 188 1048 207 ac
1066 176 1237 207 Provincie
1262 186 1371 206 comes
1396 176 1531 216 prestito
1549 176 1728 207 iuramento
1746 176 1921 218 promittat,

276 232 357 274 quod
384 232 474 262 (labit
499 241 629 272 operam
655 231 740 261 bona
764 229 838 264 fide,
862 233 897 260 ut
922 228 1078 259 Romanis
1103 238 1165 258 non
1192 227 1275 257 iuret
1300 238 1413 268 regere
1440 227 1562 258 Urbem
1587 228 1627 259 ad
1653 229 1761 259 vitam.

378 284 458 313 Itcm
484 282 566 324 quod
592 282 682 312 finito
710 281 861 318 tricnnio,
887 291 905 310 a
929 279 979 310 die
1009 290 1071 320 quo
1105 279 1160 309 fiet
1185 279 1213 309 ei
1242 279 1333 319 regni
1359 278 1467 309 Sicilie
1499 281 1663 310 concessio
1697 279 1921 321 computando,

276 336 326 365 vel
351 335 377 364 si
402 335 484 364 infra
507 334 680 363 triennium
707 333 811 374 ipsum
837 335 939 362 totum
964 331 1143 372 predictum
1168 340 1303 371 regnum
1329 331 1379 360 vel
1410 331 1564 361 maiorem
1598 331 1666 362 eius
1698 334 1837 372 partem,
1870 331 1922 361 cui

276 387 377 417 minor
402 397 463 416 non
490 386 592 426 possit
617 385 785 419 resistere,
822 383 1024 424 acquisierit,
1059 382 1109 412 vel
1139 383 1164 412 si
1196 382 1286 418 forte,
1318 381 1402 422 quod
1432 382 1526 419 absit,
1555 382 1632 413 illud
1663 383 1829 423 acquirere
1859 393 1922 413 non

276 438 393 479 poterit
418 439 449 467 et
473 436 512 467 dc
539 436 599 466 hoc
625 435 745 476 liquido
771 434 971 471 constiterit,
1007 437 1152 464 senatum
1185 433 1313 463 omnino
1345 433 1499 469 dimittet,
1535 434 1625 464 illum
1657 437 1777 464 extunc
1807 444 1864 475 per
1888 444 1922 464 se

275 489 326 519 vel
351 499 407 529 per
431 488 528 517 alium
556 487 739 517 nullatcnus
765 489 1004 527 resumpturus,
1034 495 1094 515 nee
1125 488 1355 526 procuraturus
1380 484 1641 526 quomodolibet,
1667 485 1749 526 quod
1775 489 1920 516 senatum

275 541 379 581 ipsum
405 539 508 580 quivis
534 539 614 568 alius
640 542 795 579 perpetuo
819 538 857 568 ad
884 538 981 567 vitam
1005 537 1137 572 habeat,
1172 540 1227 566 aut
1257 536 1341 577 quod
1372 536 1411 566 ad
1437 537 1524 567 illum
1551 537 1665 578 aliquis
1695 538 1793 568 etiam
1818 547 1920 578 usque

276 591 314 622 ad
340 594 461 621 certum
488 594 615 631 tempus
640 590 761 630 absque
786 589 916 619 licentia
940 588 1079 619 Romani
1104 588 1263 629 pontificis
1288 591 1482 618 assumatur.

377 642 458 672 Item
484 641 568 683 quod
594 641 684 671 dabit
709 651 839 682 operam
864 641 949 671 bona
972 640 1047 675 fide,
1072 643 1106 669 ut
1131 639 1216 669 idem
1242 643 1375 670 senatus
1401 639 1440 670 ad
1466 639 1710 681 dispositionem
1736 643 1767 670 et
1791 639 1920 670 ordina-

276 695 395 725 tioncm
420 693 564 723 Romane
598 693 735 723 ecclesie
761 695 958 725 revertatur.
995 692 1080 722 cives
1110 691 1235 721 scilicet
1258 691 1424 721 Romanos
1453 691 1492 721 ad
1522 692 1599 730 hoc,
1635 692 1717 722 sicut
1747 692 1862 722 melius
1892 694 1924 722 et

276 746 440 776 honestius
466 745 594 786 poterit,
619 743 811 774 inducendo.

380 797 460 827 Item
486 796 569 837 quod
595 796 669 826 dum
696 799 844 826 senatum
870 795 1019 829 tenuerit,
1045 794 1144 824 nichil
1169 794 1309 824 scienter
1334 794 1364 824 in
1391 794 1484 824 terris
1510 794 1610 835 ipsius
1636 795 1786 829 ecclesio,
1812 794 1921 825 dema-

275 848 335 878 niis
362 848 484 879 scilicet
508 852 541 878 et
565 847 680 880 feudis,
706 847 737 877 in
762 846 908 877 eiusdem
935 845 1072 875 ecclesie
1090 845 1141 875 vel
1168 856 1296 875 suorum
1322 845 1535 886 preiudicium
1559 845 1657 876 faciet
1682 849 1794 876 eontra
1818 846 1922 876 cccle-

275 900 353 929 siam
380 900 481 940 ipsam
508 903 539 929 et
564 898 820 929 ecclesiasticam
847 897 1046 929 libertatem:
1076 901 1107 927 et
1133 897 1157 927 si
1182 897 1252 938 ipse
1279 897 1328 927 vel
1354 898 1402 927 sui
1427 897 1599 937 quicquam
1623 897 1689 927 tale
1713 897 1866 931 fecerint,
1892 896 1923 927 id

276 951 344 981 sine
370 962 458 981 more
485 950 654 992 dispendio
679 949 855 980 revocabit.

378 1002 571 1033 Huiusmodi
606 1005 713 1032 autem
744 1001 959 1031 iuramentum
990 999 1148 1041 prestabit
1180 999 1266 1030 idem
1298 1010 1405 1030 comes
1437 1000 1467 1030 111
1497 1001 1664 1041 presentia
1688 1000 1921 1041 fidedignarum

275 1064 496 1095 personarum,
522 1064 656 1094 quarum
681 1056 746 1083 tres
773 1052 821 1082 vel
847 1052 909 1082 due
935 1051 974 1082 ad
1000 1052 1106 1081 minus
1133 1052 1196 1081 sint
1221 1051 1397 1092 pontificali
1427 1051 1552 1093 predite
1576 1052 1746 1092 (lignitate,
1771 1052 1924 1092 dabitque

276 1116 372 1147 super
396 1106 467 1139 hiis,
493 1105 646 1136 videlicet
671 1114 767 1145 super
792 1104 973 1134 iuramento
999 1107 1031 1133 et
1056 1103 1270 1144 promissione
1297 1103 1489 1135 huiusmodi.
1515 1114 1589 1134 suas
1614 1108 1763 1144 patentes
1790 1104 1924 1133 litteras.

276 1157 388 1197 sigillis
406 1161 470 1187 tam
496 1167 552 1187 suo
577 1167 672 1197 quam
698 1155 878 1186 huiusmodi
904 1155 1000 1185 trium
1027 1155 1076 1185 vcl
1101 1154 1236 1185 (luorum
1253 1154 1443 1195 pontificum
1470 1155 1637 1195 sigillatas,
1663 1155 1693 1185 in
1719 1156 1835 1196 quibus
1860 1155 1921 1185 uti-

276 1220 336 1250 que
369 1209 484 1239 litteris
516 1209 644 1239 nomina
672 1217 896 1248 personarum,
935 1217 1040 1236 coram
1072 1206 1187 1246 quibus
1221 1206 1341 1236 dictum
1373 1206 1588 1237 iuramentum
1621 1207 1833 1247 prestabitur,
1865 1217 1923 1237 ex-

276 1261 468 1302 primentur:
505 1271 541 1291 ac
566 1271 599 1290 se
625 1259 853 1289 nichilominus
885 1269 942 1299 per
972 1258 1102 1289 easdem
1132 1258 1258 1288 litteras
1295 1257 1451 1298 obligabit
1488 1258 1528 1288 ad
1558 1258 1781 1299 infr-ascriptas
1812 1268 1923 1299 penaS,

276 1323 354 1352 quas
390 1313 548 1347 incurrat,
581 1312 605 1341 si
636 1316 746 1341 eontra
777 1311 936 1352 premissa
961 1310 1009 1340 vel
1040 1320 1150 1340 eorum
1182 1310 1312 1350 aliquod
1346 1310 1475 1342 feccrit,
1506 1310 1678 1341 videlicet2
1705 1311 1788 1352 quod
1814 1314 1924 1352 preter

277 1367 400 1393 reatum
426 1364 572 1404 periurii,
606 1362 689 1403 quod
714 1363 871 1393 incurret.
902 1372 939 1391 eo
966 1363 1035 1402 ipso
1062 1361 1145 1391 idem
1172 1361 1515 1391 excommunicationis
1541 1366 1572 1392 et
1597 1366 1682 1392 terra
1707 1373 1766 1393 sua
1789 1362 1924 1392 ubilibet

277 1415 453 1444 mustituta
478 1414 639 1445 interdicti
666 1415 835 1445 sententiis
861 1414 1066 1444 subiaceant:
1101 1424 1180 1453 quas
1212 1414 1321 1453 utique
1347 1414 1526 1444 sententias
1552 1415 1577 1444 si
1603 1414 1708 1445 dictus
1734 1425 1840 1445 comes
1865 1425 1924 1455 per

278 1477 422 1496 mensem
448 1466 645 1501 sustinuerit,
671 1476 708 1496 co
734 1466 804 1507 ipso
823 1465 917 1495 cadat
934 1476 952 1494 a
970 1465 1037 1495 iure
1056 1468 1199 1498 senatus,
1225 1468 1258 1495 et
1282 1465 1307 1494 si
1332 1468 1444 1505 postea
1469 1465 1508 1496 de
1534 1466 1618 1496 facto
1643 1470 1792 1496 senatum
1809 1470 1922 1497 tenere

276 1517 476 1547 contenderit
502 1528 558 1547 seu
584 1518 794 1547 intromiserit
818 1528 851 1547 sc
877 1516 915 1547 de
942 1517 1006 1551 illo,
1032 1516 1126 1546 cadat
1150 1516 1297 1546 similiter
1316 1527 1353 1547 eo
1379 1517 1446 1557 ipso
1474 1517 1513 1547 ab
1539 1518 1623 1547 omni
1649 1518 1727 1550 iure.
1753 1518 1837 1558 quod
1863 1518 1923 1548 erit

276 1570 303 1598 ci
339 1570 369 1599 in
405 1580 504 1608 reg-no
531 1570 641 1599 Sicilie
673 1569 876 1609 acquisitum.
933 1568 1171 1609 Dupliccntur³³
1201 1572 1310 1598 autem
1343 1568 1525 1599 huiusmodi
1558 1570 1663 1599 littere
1694 1569 1733 1600 ad
1765 1569 1924 1600 cautelam

278 1624 407 1661 propter
442 1621 563 1650 viarum
601 1620 785 1650 discrimina
815 1623 846 1650 ct
877 1621 920 1649 sic
953 1619 1115 1660 duplicate
1147 1620 1353 1660 assignentur
1384 1620 1501 1650 dilecto
1539 1620 1603 1650 filio
1641 1624 1748 1651 nostro
1780 1620 1810 1651 S.
1842 1621 1925 1651 tituli

278 1673 397 1702 Sancte
424 1671 544 1702 Uecilio
570 1671 759 1713 presbytero
786 1671 957 1705 cardinali,
984 1671 1162 1712 apostolice
1189 1671 1275 1701 sedis
1301 1671 1425 1711 legato,
1452 1672 1476 1701 si
1503 1682 1637 1712 presens
1663 1672 1767 1705 fucrit,
1794 1673 1843 1702 vel
1868 1672 1922 1702 alii

277 1734 430 1764 persone,
460 1734 553 1764 quam
583 1723 622 1753 ad
650 1723 709 1753 hoc
741 1723 928 1753 duxerimus
958 1715 1192 1763 deputandam,
1216 1723 1261 1752 ita
1290 1722 1375 1763 quod
1405 1723 1581 1753 earundem
1612 1724 1791 1753 litterarum
1823 1723 1923 1754 altere

277 1775 465 1805 deferantur
499 1775 548 1805 vel
583 1776 753 1805 mittantur
784 1775 823 1804 ad
856 1785 914 1804 nos
947 1778 979 1805 et
1012 1775 1136 1815 relique
1170 1778 1278 1805 nostro
1313 1778 1345 1805 et
1379 1775 1517 1805 ecclesie
1547 1775 1693 1805 Romane
1727 1775 1856 1805 nomine
1892 1775 1923 1804 in

276 1826 381 1866 aliquo
408 1830 475 1856 tuto
506 1826 575 1855 loco
600 1826 738 1857 fideliter
762 1826 983 1868 deponantur,
1018 1826 1094 1857 inibi
1125 1826 1165 1856 ad
1195 1837 1274 1867 opus
1307 1830 1451 1856 nostruin
1484 1830 1515 1857 et
1545 1827 1645 1867 ipsius
1678 1827 1815 1857 ecclesie
1847 1837 1923 1857 con-

278 1876 456 1907 servando.)

380 1929 590 1959 instrumenti
615 1940 690 1960 vcro
716 1929 850 1970 predicti
877 1933 967 1959 tenor
992 1930 1065 1959 talis
1091 1933 1153 1960 est:

379 1981 449 2010 ‘1114
474 1981 602 2011 nomine
627 1980 757 2011 Domini
788 1992 892 2011 amen.
939 1980 1005 2011 Nos
1031 1980 1169 2011 Karolus
1198 1981 1282 2011 filius
1312 1981 1398 2021 regis
1424 1980 1576 2016 Francie,
1610 1981 1671 2011 Dei
1701 1981 1805 2021 gratia
1839 1982 1923 2011 alme

279 2031 373 2061 Urbis
399 2037 527 2062 senator
557 2033 701 2065 illustris,
734 2032 941 2072 Andcgavie,
972 2032 1143 2063 Provincie
1176 2036 1207 2062 et
1238 2032 1434 2063 Folkalkerii
1464 2043 1571 2062 comes
1603 2043 1640 2062 ac
1673 2032 1814 2063 marchio
1844 2032 1922 2063 Pro-

278 2084 394 2121 vincie,
427 2090 534 2114 notum
568 2095 639 2114 esse
666 2085 813 2114 volumus
847 2085 1018 2121 univorsis,
1050 2084 1134 2124 quod
1165 2084 1240 2115 licet
1265 2095 1322 2114 nos
1348 2094 1451 2125 nuper
1474 2085 1505 2114 in
1531 2084 1684 2114 comitatu
1710 2089 1820 2114 nostro
1844 2084 1921 2114 Pro-

278 2136 380 2165 vincic
405 2137 594 2167 existentes.
619 2136 650 2165 in
675 2137 840 2176 presentia
859 2136 1091 2175 vencrabilimn
1116 2140 1243 2177 patrum
1269 2135 1470 2166 dominorum
1496 2136 1526 2166 S.
1551 2136 1634 2166 tituli
1660 2136 1778 2167 Sancte
1802 2135 1922 2166 Cccilie

278 2186 459 2226 presbyteri
494 2187 678 2221 cardinali&
715 2188 892 2228 apostolice
923 2187 1009 2217 sedis
1046 2187 1160 2228 legati,
1197 2192 1229 2218 et
1257 2187 1293 2217 Β.
1325 2187 1560 2228 archiepiscopi
1594 2186 1763 2218 Cusentini
1798 2198 1922 2218 necnon

278 2238 402 2277 providi
427 2238 485 2268 viri
511 2239 655 2278 magistri
678 2238 766 2268 Petri
791 2239 912 2268 domini
936 2249 1017 2279 pape
1043 2239 1169 2273 notarii,
1196 2239 1380 2269 nuntiorum
1405 2238 1551 2269 eiusdem
1578 2239 1674 2273 sedis,
1699 2240 1920 2280 acceptaveri-

280 2299 348 2318 mus
374 2289 605 2320 ordinationem
631 2301 649 2320 a
674 2291 874 2320 sanctissimo
900 2295 989 2331 patre
1016 2294 1124 2320 nostro
1151 2294 1181 2321 ct
1206 2290 1349 2323 domino.
1379 2290 1507 2321 domino
1533 2290 1565 2320 Ο
1585 2289 1695 2320 divina
1719 2289 1923 2331 providentia

279 2345 482 2371 sacrosancte
508 2341 654 2371 Romane
679 2345 709 2371 et
733 2342 924 2372 universalis
957 2343 1094 2372 ecclesie
1125 2353 1248 2372 summo
1286 2342 1452 2383 pontifice,
1489 2353 1585 2383 super
1620 2346 1750 2372 senatus
1787 2341 1922 2371 articulo

279 2390 409 2422 factam.
441 2393 531 2422 cuius
556 2393 767 2423 ordinationis
793 2398 885 2423 tenor
910 2394 1043 2424 inferius
1069 2398 1118 2424 est
1143 2395 1304 2426 ins-crtus,
1337 2404 1374 2424 ac
1399 2394 1572 2424 fecerimus
1598 2398 1629 2424 ct
1654 2393 1922 2434 csnnplevcrimus

279 2443 383 2471 omnia
408 2448 560 2473 contenta
584 2445 615 2474 in
640 2444 840 2475 ordinatione
864 2445 1018 2486 predicta,
1044 2456 1106 2486 que
1131 2449 1205 2475 tunc
1231 2445 1323 2475 nobis
1348 2445 1497 2475 facienda
1514 2449 1544 2475 et
1562 2445 1751 2486 complenda
1775 2445 1920 2475 immine-

280 2493 371 2526 bant,
402 2498 430 2523 et
462 2506 557 2535 super
581 2497 805 2536 aes-optatione
837 2497 1018 2526 huiusmodi
1051 2501 1082 2526 et
1112 2497 1169 2527 hiis
1200 2497 1348 2527 omnibus
1375 2501 1500 2527 nostras
1525 2500 1674 2538 patentes
1699 2497 1822 2526 litteras
1847 2506 1920 2536 pre-

385 2629 406 2656 l›
429 2629 667 2660 (72¹l1l'lom'timmn.
691 2631 791 2656 Urbani
806 2632 884 2664 [Vp.
898 2636 958 2661 5³³1,
983 2633 1029 2657 lin.
1047 2636 1090 2657 2²6:
1116 2632 1244 2658 ‘Secunda
1263 2634 1353 2664 formu
1370 2634 1414 2658 hec
1434 2635 1492 2659 est':
1516 2636 1538 2658 et
1560 2633 1761 2663 lffinkelmann,
1787 2633 1802 2658 Ι.
1816 2640 1836 2657 c.
1852 2635 1868 2658 1⁸.
1883 2632 1922 2664 II,

277 2680 302 2701 μ.
320 2674 374 2701 5:14,
396 2681 419 2695 ll.
439 2677 510 2698 104⁸,
608 2677 634 2701 2)
657 2674 695 2705 (Υ,
708 2683 734 2706 1»,
752 2679 810 2702 5⁸1,
832 2675 876 2700 li».
891 2679 929 2701 eo.
1026 2676 1052 2703 3,
1075 2675 1114 2707 Cf.
1129 2676 1251 2701 Paltlmst
1276 2680 1351 2702 19076
1370 2680 1392 2702 ct
1415 2680 1498 2702 19077.
1596 2677 1622 2703 4)
1645 2676 1788 2707 Murcum-i,
1810 2675 1921 2707 ‚oiriqffi

279 2716 294 2736 l⁴
319 2713 362 2741 ΙἸ,
382 2724 399 2745 p
425 2719 468 2738 loo·
486 2719 547 2739 mla!
568 2716 616 2741 lmc
637 2718 846 2743 inslrnmsnlnen.

1977 647 2000 664 10

1977 904 2000 923 15

1976 1168 2001 1187 20

1976 1426 2000 1444 25

1976 1684 2000 1702 30

1977 1947 2000 1965 35

1975 2205 2000 2223 40

1975 2462 1998 2479 45
