2106 2979
68 646 91 663 ll)

68 1955 92 1973 30

70 2471 94 2489 Ἰ[υ

703 79 904 107 EPISTOLAE
923 80 1113 107 SELECTAE.
1152 82 1225 107 1262.
1726 85 1786 114 495

143 170 298 202 tractare3
323 170 456 209 propter
479 166 564 209 quod
589 166 693 197 dictus
718 178 776 198 rex
800 167 856 198 tibi
881 167 1057 208 respondit,
1089 167 1173 208 quod
1198 167 1348 209 placebat
1372 168 1487 202 eidem,
1512 172 1547 199 ut
1570 179 1683 200 versus
1706 169 1786 200 Pro-

143 219 281 250 vinciam
307 219 464 260 dirigeres
488 229 621 260 gressus
645 221 717 249 tuos
743 229 815 249 cum
839 218 953 250 eodem
984 219 1099 249 comite
1129 230 1226 260 super
1254 219 1399 260 predicto
1424 221 1554 262 negotio
1579 224 1786 257 tractaturus,

142 271 188 301 ita
213 273 321 301 tamen
346 269 432 311 quod
457 270 554 301 nichil
579 269 619 300 ad
644 270 796 301 effectum
822 270 1030 312 perduceres,
1055 270 1116 301 nisi
1141 271 1244 312 primo
1266 271 1324 301 tibi
1342 275 1450 302 nostre
1469 283 1566 314 super
1590 272 1648 303 hoc
1673 273 1785 302 volun—

143 322 217 353 tatis
250 322 487 363 beneplacitum
518 321 756 353 mandaremus.
806 321 872 352 Nos
897 322 1010 362 igitur.
1039 323 1178 363 receptis
1210 322 1274 352 tuis
1304 322 1419 353 litteris
1449 326 1480 353 et
1512 324 1681 365 perlectis,
1713 323 1788 364 quia

144 373 284 404 nondum
308 373 348 404 ad
372 384 429 403 nos
456 373 628 414 quicquam
654 373 693 404 de
718 373 885 414 premissis
909 373 949 404 ab
975 373 1088 404 eodem
1114 384 1191 414 rege
1216 376 1421 415 pervenerat,
1451 378 1638 416 sperantesa
1663 375 1786 416 aliquos

143 425 287 456 eiusdem
313 425 397 466 regis
423 428 555 466 propter
578 424 639 455 hoc
664 424 695 454 in
720 425 810 455 brevi
835 425 980 466 recipere
1004 425 1150 462 nuntios,
1180 424 1365 455 huiusmodi
1390 426 1573 456 nuntiorum
1602 426 1787 461 adventum,

143 476 327 518 priusquam
351 476 392 507 ad
416 480 447 507 te
476 479 621 506 nostrum
648 476 678 506 in
709 475 769 506 hac
798 479 889 517 parte
919 480 1086 507 emanaret
1118 486 1326 518 responsum,
1351 476 1420 506 fore
1449 476 1697 508 decreveramus
1729 478 1786 508 ali-

143 528 284 570 quandiu
318 527 567 570 expectandum.
614 527 677 558 Sed
708 528 783 568 quia
813 528 918 558 nullos
948 527 1053 558 adhuc
1087 528 1216 558 nuntios
1245 528 1414 568 nullasque
1445 539 1542 569 super
1572 529 1632 559 hoc
1663 529 1787 560 litteras

143 591 161 610 a
194 579 337 621 predicto
372 590 448 620 rege
478 578 676 620 recepimus,
710 589 783 610 nos.
824 579 971 609 nolentes
1001 578 1085 620 quod
1119 579 1243 610 animus
1279 583 1352 610 tuus
1388 584 1569 610 remaneret
1599 580 1718 610 diutius
1755 581 1786 610 in

144 641 318 673 suspenso,
349 631 485 661 latorem
515 630 715 671 presentium
745 630 786 661 ad
816 634 848 661 10
877 630 1028 661 duximus
1059 630 1301 666 remittendum,
1333 631 1538 667 mandantes,
1569 633 1718 672 quatinus
1749 631 1788 662 de

144 693 297 725 processu
320 686 383 720 tuo,
409 682 547 723 siquem
572 692 669 723 super
693 682 761 723 ipso
786 683 915 723 negotio
941 693 1012 713 cum
1037 682 1151 714 eodem
1177 683 1293 713 comite
1312 682 1517 724 postmodum
1535 683 1686 714 habuisti.
1712 694 1787 713 nec-

142 744 203 765 non
229 737 261 765 et
285 733 324 765 de
349 734 450 775 ipsius
476 733 632 774 qualitate
656 743 830 774 processus
860 738 892 764 et
921 733 961 764 de
996 744 1034 764 00
1065 734 1178 769 etiam,
1210 733 1294 775 quod
1326 734 1489 764 inveneris
1523 735 1554 764 in
1586 735 1654 776 ipso
1687 738 1718 765 et
1748 735 1788 765 ab

142 786 211 827 ipso
243 785 374 822 comite,
405 784 521 815 reddas
551 795 607 815 nos
637 785 700 815 tuis
731 785 847 815 litteris
878 786 1043 816 certiores.
1092 785 1126 816 Si
1150 796 1226 817 vero
1258 786 1379 816 nullum
1409 785 1514 816 adhue
1544 786 1684 817 habuisti
1717 796 1789 816 cum

145 837 264 868 comite
276 836 421 878 predicto
435 839 616 871 tractatum,
635 836 794 875 volumus,
811 836 895 877 quod
909 836 1060 875 discrete,
1079 837 1246 878 sapienter
1258 840 1290 868 et
1307 840 1401 868 caute
1418 840 1536 868 tractes
1552 848 1623 868 eum
1642 848 1680 868 eo
1695 848 1791 879 super

144 889 274 929 negotio
305 888 476 930 prelibato.
516 888 748 919 Verumtamen
779 888 818 918 ad
843 888 1032 919 firmandum
1058 889 1230 930 quiequam
1262 899 1334 919 cum
1365 889 1435 930 ipso
1459 889 1703 930 quomodolibet
1727 899 1789 919 non

143 939 310 982 procedas,
337 950 424 975 cum,
449 939 532 970 sicut
556 940 654 977 nosti,
679 939 798 970 nullam
825 940 971 971 firmandi
995 941 1116 982 aliquid
1141 951 1237 982 super
1261 941 1331 982 ipso
1357 941 1484 981 negotio
1509 951 1528 971 a
1550 941 1642 971 nobis
1667 940 1790 971 habeas

143 994 354 1034 potestatem,
387 994 437 1022 set
460 991 620 1022 rescribas
645 991 737 1022 nobis
762 993 869 1023 onmia
894 993 1045 1023 seriatim.
1084 992 1150 1023 Nos
1175 992 1273 1025 enim,
1305 992 1330 1022 si
1355 992 1483 1022 nuntios
1508 993 1558 1022 vel
1583 992 1707 1022 litteras
1732 992 1789 1022 ali-

143 1054 224 1084 quas
241 1054 260 1074 a
277 1043 402 1084 prefato
427 1054 504 1084 rege
529 1053 626 1084 super
644 1043 809 1084 premissis
835 1044 978 1085 recipere
1004 1055 1061 1074 nos
1085 1045 1167 1074 forte
1186 1043 1369 1084 contigerit,
1394 1043 1593 1084 providentie
1617 1047 1670 1074 tue
1693 1054 1790 1084 super

142 1095 216 1134 hiis,
240 1105 302 1136 que
327 1094 411 1126 idern
429 1106 486 1125 rex
504 1095 636 1131 miserit,
662 1095 687 1125 si
712 1095 974 1137 respondendum
1000 1096 1057 1126 tibi
1075 1096 1142 1126 fore
1162 1095 1348 1130 viderimus,
1374 1095 1558 1126 curabimus
1583 1094 1791 1136 respondere.

246 1146 322 1178 Dat.
340 1146 425 1188 apud
450 1146 730 1185 Urbemveterem,
748 1147 830 1178 VIII
848 1147 1014 1178 Kalendas
1041 1147 1245 1181 Novembris,
1271 1157 1354 1178 anno
1380 1146 1465 1178 1101.

924 1346 1009 1381 5026.

259 1396 419 1443 [Ji-bamas-
435 1412 586 1453 IVpapa
609 1413 746 1451 episcopo
766 1412 900 1442 Reatino
924 1412 1061 1447 mandal,
1085 1414 1118 1442 ‘nl
1144 1412 1355 1450 Offrvdmtc'nm
1378 1413 1414 1443 (lc
1436 1412 1593 1443 filit-anda
1611 1414 1792 1451 poteslatcnt

144 1465 279 1495 civitatis
308 1464 463 1495 Reatinae
490 1474 584 1502 saper
608 1464 798 1494 restitutione
831 1474 932 1494 romaz:
962 1464 997 1493 dc
1025 1464 1183 1495 Illinenda
1206 1465 1409 1505 percmplorlc
1437 1465 1519 1501 cifri,
1552 1466 1583 1494 nt
1617 1464 1706 1504 insin
1730 1466 1792 1494 velo

144 1516 209 1547 dics
231 1517 303 1556 post
325 1516 501 1547 citationem
518 1515 728 1554 personaliter
751 1525 852 1545 coram
874 1525 959 1553 papa
983 1518 1164 1553 compareat.
1456 1518 1545 1551 1:362,
1571 1517 1633 1546 Oct.
1651 1518 1703 1546 27.

253 1575 312 1601 L'J'IJ.
328 1575 375 1600 IV
385 1575 446 1608 leeg).
466 1575 517 1600 Vol.
531 1575 568 1600 ΙΙ
584 1574 764 1607 [cauteralia]‚
780 1575 798 1605 [ζ
813 1578 862 1606 305¹,
881 1582 920 1608 ep.
938 1580 955 1600 1.
992 1575 1142 1606 Epistolam
1162 1584 1194 1600 c.¹.·
1214 1575 1334 1608 Hryestis
1353 1574 1487 1607 descripsit
1505 1575 1531 1600 V.
1546 1575 1584 1600 CI.
1596 1574 1716 1607 Illcgsnlcc.

716 1698 724 1706 .
747 1698 754 1704 .
776 1670 986 1714 0111500110
1016 1671 1215 1707 Reatino.

246 1737 373 1768 Nobilis
402 1737 450 1767 vir
479 1736 686 1767 Otl'reducius
719 1737 758 1767 ‹le
790 1736 959 1767 Miranda2
989 1737 1129 1768 civitatis
1160 1737 1299 1768 Reatino
1328 1740 1473 1778 potestas
1506 1749 1609 1779 nuper
1639 1749 1658 1768 a
1689 1741 1720 1768 te
1751 1737 1790 1767 (10

144 1790 277 1831 speciali
304 1789 454 1819 mandato
479 1792 589 1819 nostro
615 1789 731 1819 citatus
756 1789 875 1820 extitit.
907 1793 941 1819 ut
972 1789 1053 1819 infra
1084 1793 1205 1819 eertum
1232 1790 1403 1820 terminum
1429 1790 1459 1819 in
1485 1790 1603 1819 nostris
1627 1799 1707 1829 quas
1733 1788 1791 1819 tibi

143 1852 241 1883 super
266 1841 324 1871 1100
341 1841 484 1871 misimus
503 1841 618 1871 litteris
636 1840 907 1881 comprehensum
935 1845 1136 1881 compareret
1153 1841 1366 1882 personaliter
1390 1852 1494 1871 coram
1521 1841 1623 1872 nobis,
1649 1841 1791 1870 facturus

144 1893 269 1935 precise
301 1903 362 1933 que
395 1893 636 1933 iniungeremus
672 1892 788 1923 eidem.
835 1892 909 1933 Ipse
935 1892 1041 1925 verob,
1071 1892 1267 1933 pretendens
1301 1893 1383 1934 quod
1408 1903 1505 1923 causa
1533 1896 1664 1933 propter
1695 1902 1790 1932 quam

145 1945 306 1976 citabatur
329 1955 393 1974 non
418 1948 486 1974 erat
510 1944 540 1974 in
566 1944 681 1974 litteris
707 1944 785 1985 ipsis
817 1954 989 1985 expressa,
1022 1944 1187 1985 quodque,
1218 1944 1278 1975 nisi
1309 1945 1396 1986 prius
1421 1955 1439 1974 a
1464 1944 1558 1974 nobis
1584 1944 1790 1974 securitatem

145 1996 291 2034 haberet,
318 1995 427 2026 venire
453 1995 492 2025 ad
514 1998 658 2025 nostram
683 1996 881 2036 presentiam
907 1995 1085 2029 dubitabat,
1111 1995 1150 2026 ad
1176 2006 1234 2026 nos
1259 1995 1416 2026 accedere
1447 2006 1503 2036 pro
1535 2006 1592 2026 sue
1617 1995 1791 2025 voluntatis

145 2048 236 2078 libito
261 2047 467 2088 pretermisit.
512 2046 669 2077 Nolentcs
692 2047 789 2087 igitur
812 2047 897 2087 quod
922 2050 1074 2088 pretextu
1104 2057 1225 2085 eornm,
1255 2058 1317 2088 que
1342 2046 1426 2078 idem
1459 2047 1629 2088 proposuit
1662 2047 1791 2077 nobilis,

146 2100 216 2130 eius
241 2098 484 2140 quomodolibet
502 2098 541 2129 ad
559 2109 616 2129 nos
633 2098 816 2129 retardetur
838 2099 998 2130 adventus
1023 2101 1199 2139 nostreque
1221 2099 1360 2129 salubris
1386 2098 1581 2139 impediatur
1604 2098 1791 2128 intentionis

147 2151 294 2185 effectus,
318 2150 511 2180 fraternitati
547 2154 600 2180 tue
625 2161 681 2191 per
705 2151 886 2191 apostolica
914 2151 1034 2192 scripta
1064 2151 1095 2180 in
1119 2151 1238 2180 virtute
1268 2150 1452 2180 obedientie
1477 2161 1514 2179 ac
1539 2150 1598 2180 sub
1625 2160 1707 2191 pena
1733 2160 1789 2179 ex-

147 2201 446 2232 communicationis
479 2201 625 2232 districte
654 2201 862 2242 precipiendo
890 2201 1097 2235 mandamns,
1127 2202 1277 2242 quatinus
1306 2201 1423 2231 iterato
1454 2201 1615 2242 prefatum
1650 2201 1790 2231 nobilem

147 2265 188 2283 ex
213 2256 304 2294 parte
328 2256 439 2283 nostra
464 2253 680 2294 peremptorie
712 2253 810 2283 citare
837 2253 962 2294 sibique
989 2253 1047 2283 sub
1073 2263 1157 2294 pena
1181 2253 1429 2293 quingentarum
1456 2263 1634 2283 marcarum
1665 2252 1791 2293 argenti

146 2304 312 2345 precipere
337 2303 480 2334 districte
505 2314 669 2345 procures,
694 2307 729 2334 ut
753 2304 836 2335 infra
861 2308 928 2335 otto
955 2304 1024 2335 dies
1049 2307 1121 2345 post
1145 2304 1331 2334 citationem
1349 2307 1435 2334 tuam
1452 2304 1666 2345 personaliter
1682 2308 1791 2333 nostro

147 2367 181 2387 se
206 2356 393 2397 conspectui
418 2359 638 2397 representet,
669 2367 766 2397 super
798 2357 1000 2387 restitutione
1033 2367 1127 2387 rocce
1152 2356 1191 2387 de
1216 2355 1380 2391 Miranda,
1410 2366 1506 2396 quam
1536 2355 1576 2385 ad
1606 2354 1789 2385 demanium

145 2407 292 2438 Romane
318 2407 454 2437 ecclesie
478 2407 693 2448 pertinentem
719 2407 804 2438 idem
830 2408 944 2439 nobilis
970 2412 1160 2449 occupatam
1178 2408 1311 2440 detinet,
1338 2407 1456 2437 nostris
1482 2407 1607 2448 precise
1631 2406 1791 2436 mandatis

146 2463 178 2490 et
201 2458 415 2500 beneplacitis
440 2459 612 2499 pariturus.
658 2459 724 2489 Nos
748 2460 834 2490 enim
859 2460 1039 2501 plenariam
1065 2459 1188 2497 eidem,
1223 2463 1377 2500 quantum
1402 2459 1433 2489 in
1458 2459 1550 2489 nobis
1575 2461 1634 2495 est,
1660 2459 1691 2489 in
1716 2469 1789 2499 per-

147 2521 226 2541 sona
250 2514 282 2541 et
300 2510 392 2540 bonis
411 2510 478 2540 suis
502 2511 535 2540 in
553 2510 723 2547 veniendo,
748 2511 903 2542 morando
927 2515 958 2542 et
984 2511 1148 2542 redeundo
1174 2511 1383 2542 securitatem
1401 2511 1596 2541 auctoritate
1613 2510 1791 2551 apostolica

251 2643 274 2668 a)
294 2648 339 2663 1105
358 2644 486 2672 sperantes
499 2639 530 2663 R.
619 2639 644 2670 ¹³)
663 2648 713 2664 11011
733 2648 821 2672 apem:

252 2717 277 2747 1)
299 2716 339 2747 Cf.
350 2715 427 2741 ctiam
447 2715 563 2741 Pommst
583 2719 680 2749 &4405
700 2715 802 2741 BFW.
814 2719 886 2742 9297.
975 2717 1001 2747 2)
1022 2717 1052 2742 E
1068 2725 1127 2742 mer.
1143 2719 1165 2743 et
1183 2724 1220 2742 or.
1235 2716 1281 2742 cir.
1299 2716 1384 2742 Term’.
