2106 2979
139 632 174 651 ik:
186 633 217 652 71,
229 634 246 650 S.

257 96 317 125 634
821 89 867 115 EX
887 88 1089 130 CLEMENTls
1109 88 1146 114 1V
1160 87 1339 115 REGISTRO

258 216 493 261 Episcopo
522 213 819 250 Bononiensi
849 215 891 248 et
919 211 1194 254 abbatibus,
1230 211 1503 256 prioribus,
1538 210 1903 246 archidiaconis

259 279 301 311 et
337 276 450 310 aliis
489 274 805 310 ecclesiarum
843 273 1051 317 prelatis
1082 274 1123 307 et
1158 272 1391 316 capitulis
1425 274 1468 306 et
1503 271 1726 315 personis
1759 271 1903 306 eccle-

260 335 478 370 siasticis
507 333 812 370 secularibus
840 335 881 368 et
908 333 1224 377 regularibus
1252 331 1513 373 universis,
1548 333 1639 365 tam
1669 331 1905 374 exemptis

260 406 393 440 quam
422 405 509 430 non
539 394 794 438 exemptis,
824 404 903 437 per
931 393 1292 427 Bononiensem
1321 391 1571 426 civitatem
1600 393 1643 426 et
1671 390 1905 426 diocesim

929 451 1234 488 constitutis.

365 520 534 551 Manfredo
559 519 720 561 quondam
745 519 889 560 principe
907 519 1096 555 Tarentino,
1121 518 1264 558 nequitie
1283 527 1319 547 ac
1338 517 1550 558 tyrampnidis
1576 517 1737 548 imitatore
1763 521 1907 559 paterne,

262 583 319 613 per
343 572 446 613 spolia
478 572 568 612 regni
594 571 703 601 Sicilie
728 574 910 613 pungente,
944 571 1039 600 immo
1069 570 1234 600 lacerante
1263 568 1444 599 Romanam
1475 569 1646 599 ecclesiam
1676 569 1707 599 in
1732 569 1909 599 visceribus

265 627 297 654 ct.
320 623 359 653 de
385 623 565 654 huiusmodi
590 624 700 664 spoliis
726 623 876 653 turbante
901 622 969 652 fere
994 632 1104 652 omnes
1129 632 1146 651 a
1170 621 1251 652 mari
1276 631 1379 662 usque
1411 620 1450 651 ad
1485 631 1571 651 mare
1604 625 1636 651 et
1660 632 1678 651 a
1702 621 1832 651 flumine
1857 631 1910 651 us-

264 686 325 716 que
351 675 390 705 ad
416 675 569 705 terminos
595 675 682 705 orbis
708 678 808 709 terre,
843 674 1019 715 apostolica
1045 673 1153 711 sedes,
1189 683 1267 713 que,
1303 676 1338 702 ut
1361 672 1447 703 idem
1472 672 1510 703 ad
1536 682 1588 702 cor
1609 672 1737 703 rediens
1762 672 1908 713 peniten-

264 728 341 757 tiam
367 726 406 757 de
432 727 611 757 commissis
636 730 764 767 ageret,
790 725 1053 756 dissimulaverat
1083 725 1143 755 ista
1167 725 1265 765 longo
1289 727 1451 766 tempore,
1482 724 1690 755 considerans
1715 724 1800 765 quod
1824 723 1909 755 idem

264 779 303 809 de
328 779 378 809 die
404 779 434 808 iu
460 778 544 809 diem
570 779 669 809 fiebat
701 778 843 808 deterior
867 781 898 807 et
923 778 1032 818 peiora
1064 776 1225 818 prioribus
1259 776 1459 813 cumulabat,
1496 777 1700 806 carissimum
1724 777 1755 807 in
1780 777 1909 808 Christo

265 831 364 860 filium
389 834 532 861 nostrum
552 830 704 861 Carolum
730 841 839 870 regem
859 829 968 860 Sicilie
994 830 1154 859 illustrem
1176 828 1336 870 preelegit
1361 828 1400 858 ad
1426 828 1511 858 illius
1537 828 1772 859 retundendam
1797 830 1910 870 nequi-

264 883 341 912 tiam
370 885 401 912 et
433 881 630 912 reddendam
660 892 774 922 pacem
804 882 897 912 terris
929 881 1120 922 populisque
1153 881 1304 921 quietem.
1353 879 1433 910 Cum
1464 879 1562 920 igitur
1593 880 1633 911 de
1658 881 1911 911 transmontanis

265 934 426 974 partibus,
463 934 494 964 in
527 933 645 974 quibus
678 938 789 963 contra>
818 932 956 964 eundem
988 932 1193 963 lllanfredum
1226 936 1257 962 et
1289 931 1485 962 Sarracenos
1515 931 1652 962 Luceric
1682 943 1808 963 crucem
1839 943 1911 974 pre-

268 986 367 1016 dicari
392 986 541 1018 facimus,
579 996 697 1025 magna
721 985 836 1015 militia
860 986 969 1015 veniat
994 985 1025 1015 in
1062 995 1247 1015 succursum
1281 983 1426 1013 eiusdem
1458 984 1558 1023 regis,
1594 994 1724 1014 causam
1754 995 1817 1015 nou
1848 989 1913 1015 tam

266 1038 426 1078 propriam
451 1048 546 1078 quam
571 1037 709 1067 ecclesie
734 1047 770 1066 ae
795 1037 893 1067 totius
912 1036 1089 1067 Christiani
1113 1036 1224 1077 populi
1250 1035 1484 1077 prosequentis.
1509 1035 1753 1066 universitatem
1773 1040 1914 1066 vestram

269 1099 433 1129 rogamus,
469 1099 637 1118 monemus
674 1093 705 1119 et
737 1089 901 1119 hortamur
932 1091 1069 1119 attente.
1103 1098 1161 1128 per
1191 1087 1370 1128 apostoliea
1400 1087 1490 1116 vobis
1523 1087 1643 1127 scripta
1674 1087 1806 1118 firmiter
1841 1099 1914 1129 pre-

270 1141 417 1181 cipiendo
442 1140 648 1173 mandantes,
680 1141 831 1180 quatinus
857 1140 974 1170 dilecto
999 1140 1063 1170 filio
1089 1139 1243 1180 magistro
1270 1138 1426 1169 Gaufrido
1452 1137 1490 1168 de
1515 1137 1717 1168 Bellomonte
1751 1139 1917 1180 capellano

270 1197 391 1227 nostro,
417 1203 510 1233 quem
535 1192 573 1222 ob
599 1192 659 1222 hoc
684 1196 715 1221 et
738 1192 876 1232 quedam
902 1191 1002 1221 ardua
1027 1191 1165 1221 ecclesie
1183 1190 1315 1230 negotia
1332 1191 1361 1219 in
1380 1189 1574 1220 Lombardie
1600 1191 1806 1230 provinciam,
1831 1201 1916 1221 com-

271 1245 368 1273 misso
395 1244 511 1275 ibidem
538 1245 567 1274 ei
593 1244 688 1285 plene
713 1244 887 1284 legationis
913 1243 1036 1276 officio,
1067 1243 1106 1273 de
1132 1243 1265 1273 consilio
1290 1242 1425 1272 fratrum
1451 1245 1632 1272 nostrorum
1659 1243 1917 1280 transmittimus,

272 1295 302 1325 in
328 1296 476 1326 omnibus
501 1299 533 1326 ct
558 1307 614 1337 per
638 1296 745 1326 omnia
770 1306 868 1337 super
892 1295 969 1326 hiis.
1008 1305 1069 1336 que
1102 1294 1141 1325 ad
1167 1294 1337 1324 transitum
1362 1293 1506 1334 predicte
1531 1294 1642 1324 militie
1669 1295 1836 1336 ipsamque
1861 1306 1918 1336 per

273 1347 499 1377 Lombardiam
533 1347 773 1378 conducendam
809 1352 840 1377 et
870 1347 910 1377 ad
940 1345 1124 1377 huiusmodi
1158 1345 1335 1376 subsidium
1368 1347 1491 1386 regium
1517 1347 1696 1387 pertinent,
1723 1347 1856 1378 obedire
1881 1358 1917 1378 ac

274 1398 441 1429 intendere
466 1400 656 1440 procuretis.
703 1399 855 1440 Alioquin
881 1399 1092 1431 sententiam,
1125 1408 1219 1439 quam
1257 1397 1341 1428 idem
1367 1398 1477 1428 tulerit
1502 1399 1531 1428 in
1558 1398 1697 1429 rebelles
1725 1403 1784 1430 etc.
1802 1409 1918 1440 usque:

274 1451 449 1481 observari.
514 1450 578 1481 Per
613 1451 670 1481 hoc
706 1455 811 1481 autem
849 1451 1005 1491 legationi
1038 1450 1147 1480 dilecti
1182 1450 1237 1479 filii
1273 1449 1374 1479 nostri
1411 1449 1441 1480 S.
1465 1450 1549 1480 tituli
1587 1450 1695 1481 Sancti
1726 1451 1853 1481 Martini
1888 1452 1920 1481 in

276 1502 440 1532 Montibus
465 1512 527 1532 non
551 1502 744 1543 derogamus
770 1513 827 1532 nec
852 1502 1046 1532 intendimus
1072 1501 1242 1542 derogare.

377 1553 450 1583 Dat.
471 1554 605 1591 Perusii,
632 1553 693 1583 XV
712 1553 877 1584 Kalendas
903 1553 1106 1587 Novembris,
1133 1564 1216 1583 anno
1242 1553 1288 1583 1¹.

380 1605 416 1635 In
442 1605 578 1635 eundem
598 1605 726 1636 modum
753 1631 757 1636 .
778 1631 783 1636 .
810 1607 974 1647 potestati,
1001 1631 1006 1637 .
1026 1631 1032 1637 .
1059 1607 1241 1647 capitaneo,
1268 1606 1402 1635 consilio
1421 1609 1453 1635 ct
1470 1606 1631 1636 communi
1650 1605 1922 1637 Bononiensibus.

277 1657 444 1688 Manfredo
477 1657 637 1698 quondam
674 1658 819 1699 principe
845 1658 1020 1688 Tarentino
1053 1662 1113 1688 etc.
1136 1663 1169 1687 ut
1200 1659 1230 1688 in
1262 1658 1419 1699 superiori
1444 1658 1593 1698 proxima
1617 1669 1735 1699 usque:
1771 1659 1924 1700 Alioquin

280 1710 483 1742 sententiam,
509 1720 602 1750 quam
628 1710 712 1740 idem
739 1711 949 1751 spiritualiter
973 1716 1005 1740 et
1030 1710 1252 1751 temporaliter
1275 1714 1324 1740 cte
1354 1720 1454 1750 usque
1480 1711 1510 1739 in
1536 1711 1641 1740 tinem.

384 1760 419 1790 ln
452 1761 589 1791 cundem
622 1761 749 1791 modum
784 1762 1031 1802 archiepiscopo
1061 1761 1265 1792 Ιῖιῑνριηκῑῐί2
1291 1766 1321 1792 et
1351 1762 1513 1803 episeopis
1544 1772 1581 1791 ac
1612 1762 1785 1792 abbatibus
1810 1766 1925 1794 etc.ac

280 1813 437 1842 universis
463 1813 608 1853 personis
633 1813 864 1844 ecclesiasticis
891 1824 947 1854 per
972 1813 1196 1843 Romaniolam
1223 1814 1416 1844 constitutis.
1464 1813 1539 1843 Dat.
1557 1818 1590 1843 ut
1615 1824 1721 1854 supra.

384 1863 419 1893 In
446 1864 582 1894 eundem
608 1865 737 1895 modum
763 1866 993 1906 potestatibus,
1020 1866 1212 1907 capitaneis,
1239 1865 1380 1896 consiliis
1405 1870 1437 1895 et
1461 1865 1745 1896 communitatibus
1769 1865 1926 1896 universis

281 1925 339 1956 per
363 1914 587 1945 Romanirdam
614 1918 809 1947 constitutis.

385 1966 421 1996 ln
449 1967 586 1997 eundem
604 1968 733 1998 modum
754 1969 915 2010 episcopis
942 1973 973 1999 et
999 1969 1173 1999 abbatibus
1193 1973 1253 1999 etc.
1273 1980 1309 1999 ac
1334 1969 1483 2010 personis
1510 1969 1741 1999 ecclesiasticis
1766 1969 1927 1999 universis

282 2029 339 2058 per
363 2018 535 2048 marchiam
562 2019 763 2050 Terrisinam
789 2018 1000 2051 constitutis*
1032 2021 1105 2051 Dat.
1126 2021 1262 2053 Perusii.
1288 2020 1319 2050 ΙΙ
1340 2020 1415 2050 Idus
1442 2020 1604 2056 Octobris,
1631 2031 1714 2050 anno
1741 2021 1854 2061 primo.

387 2069 423 2099 In
449 2070 585 2100 eundem
611 2071 738 2101 modum
764 2073 993 2113 potestatibus,
1019 2073 1210 2114 capitaneis,
1236 2073 1378 2103 consiliis
1405 2076 1436 2102 ct
1461 2073 1744 2103 communitatibus
1769 2073 1928 2103 universis

284 2132 341 2161 per
365 2121 539 2151 marchiam
566 2122 767 2153 Tervisinam
793 2125 985 2155 constitutis,
1033 2124 1106 2155 Dat.
1125 2129 1159 2154 ut
1183 2125 1214 2154 in
1240 2124 1396 2165 proxima.

1069 2342 1154 2377 644⁴.

396 2388 550 2435 (vemens
565 2405 712 2444 Il'papa
736 2407 883 2445 ina-(sistro
902 2405 1063 2446 Ganfriflo
1086 2407 1121 2437 (Ic
1140 2407 1332 2438 Bellomontc
1356 2409 1515 2447 capellano
1539 2411 1566 2439 cf
1590 2409 1688 2448 {effato
1711 2418 1765 2439 seio
1789 2409 1931 2445 coneedit,

292 2457 322 2485 ιι(
345 2455 546 2493 lit-incuses,
580 2459 699 2496 recepta
728 2459 868 2488 emmona
898 2458 978 2496 (saed
1001 2458 1175 2498 Blanfrcdo
1205 2462 1233 2489 ct
1256 2459 1437 2491 Pelam'cz'no
1466 2460 1501 2490 dc
1524 2463 1619 2491 celero
1646 2470 1709 2491 nou
1732 2461 1932 2498 ceciliam-eant,

399 2601 421 2625 ll
444 2600 479 2630 (Ὶζ
496 2600 545 2625 Del
566 2601 686 2629 (haalim,
708 2602 770 2628 (¹017.
786 2602 847 2635 dipl.
862 2603 891 2627 di
907 2604 989 2628 Cro-la
1005 2604 1042 2629 Ic
1059 2604 1216 2637 Hd’slnglii»
1229 2607 1244 2629 l.
1261 2605 1283 2637 I,
1301 2614 1328 2638 Ι),
1342 2609 1380 2633 47,
1401 2614 1427 2632 τι,
1443 2611 1479 2632 14.
1513 2606 1651 2631 (ι’[ιῖἷονιιιη
1665 2607 1807 2632 ca'ercitum
1820 2616 1844 2633 (ι.
1859 2610 1932 2639 12⁶5,

292 2641 353 2666 Dm:
375 2646 401 2666 15
428 2643 576 2667 Rammium
605 2645 698 2669 miſs-w
713 2649 805 2670 narrar
829 2646 907 2672 Fron.
922 2647 948 2671 di
968 2648 1087 2679 Iloloslmt
1105 2657 1147 2680 “l'‘
1173 2648 1318 2677 Murmura-i,
1346 2650 1390 2674 NS.
1415 2652 1431 2674 t.
1457 2649 1598 2681 XVIIII).
1615 2654 1676 2681 276;
1700 2651 1733 2680 cs'.
1754 2649 1848 2675 Clu-on.
1868 2650 1932 2677 Ital.

294 2686 330 2715 s«.
347 2686 418 2717 [2¹65]
439 2685 502 2711 Ἡρα,
517 2695 558 2718 ap.
576 2687 781 2715 schiri-macher.
808 2690 822 2713 l.
839 2698 859 2714 c.
875 2699 902 2722 1¹*
923 2694 983 2721 633,
1007 2698 1115 2722 quocum
1138 2691 1281 2716 concorda!
1302 2691 1440 2717 Ricobaldzss
1467 2692 1577 2718 Fcrrar.
1597 2693 1753 2718 Pomm-inm
1778 2701 1820 2725 rep.
1838 2693 1934 2719 Murra-

293 2728 343 2751 tori
362 2730 377 2752 t.
392 2728 449 2759 IX,
473 2737 496 2760 γ’.
510 2733 557 2754 135.
648 2733 673 2763 2)
695 2732 827 2764 Philippo.

1964 734 1987 751 10

1970 1245 1995 1263 20

1971 1503 1994 1522 25

1981 2030 2004 2047 :³5

1986 2613 2043 2639 40‘
