2106 2979
98 650 121 668 10

97 912 119 929 15

96 1172 120 1190 20

96 1430 119 1449 25

96 1692 120 1711 30

97 1950 120 1968 35

96 2208 121 2226 40

738 94 936 122 EPISTOLAE
956 96 1144 122 SELECTAE.
1181 97 1256 124 1268.
1754 102 1815 132 695

174 179 316 210 turbare.
362 179 435 210 Non
461 180 545 210 enim
569 190 631 210 non
657 181 767 211 sentiri
792 191 849 212 nec
875 182 1047 213 oblivionis
1071 186 1207 224 possunt
1231 183 1398 216 subiacere
1416 185 1558 216 defectui
1575 187 1818 227 persecutiones

174 231 356 270 innumere,
388 231 503 272 quibus
534 231 695 272 quondam
720 232 904 263 Fridericus
938 237 969 264 et
995 234 1063 264 eius
1088 234 1262 276 dampnata
1284 237 1469 277 progenieS,
1493 237 1524 268 in
1550 237 1687 268 eandem
1712 239 1817 270 eccle-

175 283 255 313 siam
281 286 313 313 et
336 286 453 313 terram
479 283 579 324 ipsius
605 283 803 324 dampnabili
828 285 1010 315 temeritate
1037 290 1232 324 crassantes,
1263 287 1367 323 illam,
1400 299 1461 329 que
1487 291 1650 330 tamquam
1676 290 1760 320 mitis
1786 293 1818 320 et

174 334 314 374 benigna
341 338 445 365 mater
473 334 593 365 dictum
623 334 823 366 Fridericum
855 337 1022 377 oportunis
1055 338 1255 378 temporibus
1287 339 1411 370 foverat
1444 343 1476 370 et
1507 345 1712 382 promoverat
1745 341 1816 372 dili—

174 389 290 425 genter
313 389 348 416 ut
371 386 471 416 filium
497 396 597 427 seque
628 397 683 427 pro
714 387 784 428 ipso
814 388 845 417 in
876 387 1077 428 plenitudine
1110 389 1315 420 liberalitatis
1344 391 1517 430 effuderat⁷
1554 392 1614 422 sibi
1643 403 1699 433 pro
1734 393 1817 423 bono

174 437 293 467 malum
326 440 358 467 et
387 447 442 478 pro
472 437 643 468 dilectione
669 438 777 468 odium
810 439 1019 480 rependendo
1052 440 1158 480 longis
1183 442 1384 482 temporibus
1409 442 1592 474 immaniter
1615 444 1817 476 afflixerunt:

173 489 378 529 ipsorumque
414 488 549 520 durante
588 489 773 530 tyrannide.
814 494 968 531 quantum
1008 491 1038 521 in
1075 502 1175 532 regno
1212 492 1322 523 Sicilie
1363 493 1476 524 salutis
1516 495 1604 525 cultu
1639 496 1818 537 postposito

172 540 345 571 discrimen
370 541 565 572 successerit
589 542 780 577 animarum,
806 542 953 583 spoliatis
977 543 1136 581 ecclesiiS,
1162 544 1272 574 eiectis
1299 555 1409 575 earum
1434 546 1567 587 prelatis
1586 547 1666 577 etin
1684 547 1817 577 exilium

172 591 307 629 traditis,
332 592 538 623 innocentum
564 593 664 623 effuso
691 594 849 634 sanguine
874 593 1077 635 direptisque
1103 595 1295 626 substantiis
1321 596 1518 632 devotorum,
1543 602 1636 638 gesta
1653 599 1818 639 preterita.

174 654 235 684 que
260 647 449 685 perpetuam
474 645 521 674 sui
546 645 705 685 reliquere
730 646 929 681 memoriam,
957 646 1178 678 manifestant:
1204 657 1340 689 cumque
1364 649 1425 689 ipsi
1446 649 1534 680 velut
1559 650 1706 680 infelices
1732 655 1764 680 et
1788 651 1818 680 in

174 696 297 726 ruinam
329 696 427 737 positi
458 707 555 737 super
580 696 769 727 innocentes
802 697 895 727 elatis
921 697 1073 728 cornibus
1105 699 1306 732 exultarent,
1339 699 1469 731 demum
1501 711 1565 731 non
1599 701 1817 738 advertentes,

173 747 256 788 quod
292 748 396 777 omnis
426 748 579 788 iniquitas
610 749 641 778 in
671 759 705 778 se
737 759 867 779 reversa
901 749 1079 783 colliditur,
1118 749 1157 780 de
1189 749 1252 780 doli
1285 754 1317 781 et
1348 752 1490 793 nequitie
1525 753 1648 783 semine
1681 753 1818 783 fructum

173 799 313 830 inestitie
338 799 548 840 collegerunt.
594 799 678 830 Nam
703 800 810 833 Deus,
836 801 993 831 ultionum
1019 801 1183 834 dominus.
1215 802 1332 832 auditis
1362 813 1588 844 oppressorum
1614 804 1818 839 clamoribus,

172 861 281 881 eorum
307 851 498 882 afflictiones
522 862 563 882 ex
588 852 652 882 alto
678 852 866 893 respiciens,
893 852 1028 883 eandem
1054 853 1228 883 ecclesiam
1254 853 1294 884 ab
1320 855 1419 896 ipsius
1444 854 1599 886 Friderici
1624 860 1655 886 et
1679 856 1817 886 filiorum

172 902 240 932 eius
264 902 364 940 rabie,
389 903 466 944 ipsis
491 903 530 933 dc
556 903 661 934 medio
686 914 747 945 quo
773 904 881 934 decuit
898 905 960 934 fine
983 905 1128 940 sublatis,
1154 905 1410 937 misericorditer
1434 907 1596 943 liberavit,
1622 918 1720 948 regno
1745 918 1817 949 pre-

172 953 257 984 dicto
295 964 353 995 per
387 955 598 985 ministerium
628 956 785 986 carissimi
817 956 848 986 iu
879 955 1008 986 Christo
1042 956 1098 986 filii
1136 957 1238 987 nostri
1271 956 1379 988 Caroli
1410 958 1519 989 Sicilie
1554 959 1640 999 regis
1675 959 1819 993 illustris,

172 1006 371 1047 suffragante
390 1006 451 1036 sibi
476 1006 582 1037 divine
608 1008 753 1048 potentie
779 1007 914 1038 dextera
939 1011 970 1038 et
995 1008 1173 1049 apostolice
1199 1008 1286 1039 sedis
1311 1009 1443 1048 auxilio,
1469 1013 1581 1051 erepto
1607 1010 1646 1041 de
1670 1010 1819 1040 manibus

172 1058 354 1099 impiorum.

275 1109 509 1141 Verumtamen
539 1110 578 1141 de
608 1112 707 1152 stirpe
737 1112 861 1142 colubri
892 1122 994 1152 nuper
1018 1122 1191 1152 erumpens
1219 1112 1348 1152 regulus
1373 1112 1583 1149 adolescens,
1615 1112 1819 1143 Conradinus

173 1161 338 1200 videlicet,
368 1162 600 1193 maledictionis
630 1164 818 1204 alumpnus,
850 1164 903 1204 qui
930 1164 1029 1194 veluti
1061 1164 1264 1194 ramusculus
1298 1164 1455 1204 pestilens
1485 1165 1639 1195 malitiam
1665 1175 1756 1195 suam
1781 1164 1820 1195 de

174 1223 309 1254 nequam
335 1215 456 1245 arboris
488 1214 595 1245 radice
628 1215 804 1251 contraxit,
838 1226 894 1245 suo
931 1215 1044 1256 spiritu
1070 1215 1119 1245 vel
1145 1215 1251 1245 alieno
1277 1215 1431 1246 seductus
1458 1220 1490 1247 et
1515 1227 1548 1247 se
1574 1227 1685 1257 regem
1711 1216 1820 1247 Sicilie

173 1267 260 1296 fatua
285 1269 316 1296 et
340 1267 422 1296 falsa
447 1267 577 1297 fictione
603 1266 824 1301 denominans,
850 1270 960 1297 contra
984 1270 1126 1297 nostram
1145 1266 1397 1308 prohibitionem
1415 1278 1606 1309 expressam
1624 1268 1821 1310 presumpsit

172 1318 291 1348 intrare
314 1317 479 1349 Veronam
513 1322 545 1349 ct
581 1319 698 1349 exinde
730 1319 896 1349 transtulit
928 1329 962 1349 se
992 1318 1151 1359 Papiam¹
1181 1329 1217 1349 ac
1248 1319 1435 1349 ulteriorem
1466 1330 1674 1361 progressum
1707 1330 1819 1350 versus

174 1369 296 1401 Urbem
321 1374 375 1400 aut
400 1381 535 1410 regnum
560 1370 752 1411 predictum,
782 1371 864 1400 sicut
889 1371 1087 1411 accepimus,
1113 1371 1334 1400 comminatur.
1375 1370 1416 1400 Et
1434 1370 1509 1401 licet
1528 1371 1632 1412 ipsum
1650 1382 1686 1401 ac
1710 1381 1820 1401 omnes

174 1422 259 1459 illos,
291 1422 344 1463 qui
374 1423 402 1452 ei
431 1422 632 1464 prebuerunt
655 1426 710 1452 aut
735 1423 871 1463 prebent
896 1422 946 1452 vel
976 1422 1158 1463 prebebunt
1184 1423 1372 1460 consilium,
1404 1423 1560 1452 auxilium
1586 1423 1636 1453 vel
1667 1423 1821 1455 favorem.

174 1475 517 1505 excommunicationis
543 1475 707 1505 sententia
731 1474 916 1504 duxerimus
943 1473 1142 1504 innodandos
1168 1476 1200 1504 et
1224 1474 1304 1508 loca,
1329 1474 1360 1504 iu
1386 1474 1501 1515 quibus
1526 1485 1599 1505 eum
1619 1475 1719 1516 recipi
1744 1484 1817 1504 con-

173 1526 328 1566 tingeret,
365 1527 589 1557 ecclesiastico
620 1527 885 1568 supposuerimus
918 1525 1125 1556 i11tm·di0t02:
1162 1526 1236 1566 quia
1259 1530 1383 1561 tamen,
1420 1525 1504 1567 quod
1541 1529 1590 1557 est
1624 1526 1820 1557 horrendum

172 1577 298 1613 auditu,
331 1578 449 1609 nostris
481 1582 530 1609 est
555 1578 684 1609 auribus
716 1579 914 1611 intimatum,
948 1577 1031 1618 quod
1057 1578 1156 1618 aliqui
1180 1577 1219 1607 de
1245 1577 1437 1618 Campania,
1468 1577 1646 1615 Maritima,
1678 1578 1822 1608 marchia

173 1630 271 1660 etiam
296 1629 515 1663 Anconitaua,
546 1630 664 1660 ducatu
690 1630 882 1671 Spolotano,
916 1630 1109 1671 patrimonio
1139 1629 1226 1659 beati
1250 1629 1340 1659 Petri
1372 1630 1403 1659 in
1428 1629 1546 1660 Tuscia
1576 1633 1608 1660 et
1637 1629 1708 1660 aliis
1732 1630 1820 1667 locis,

171 1685 236 1711 tam
275 1681 499 1712 adiacentibus
539 1693 632 1722 quam
674 1682 819 1717 remotis,
862 1692 933 1711 cum
975 1681 1049 1711 viris
1089 1680 1317 1722 pestilentibus
1357 1684 1389 1711 et
1429 1680 1610 1722 dampnatis
1652 1680 1820 1711 Galvanno

173 1733 302 1764 Lancce
315 1734 335 1767 ³,
362 1733 510 1764 Conrado
535 1733 574 1763 de
600 1733 773 1763 Antiochia
784 1734 806 1763 ⁴².
830 1733 973 1763 Iohanne
999 1732 1037 1763 de
1063 1732 1221 1762 Marerio⁵
1246 1735 1278 1763 et
1302 1732 1461 1762 nonnullis
1486 1733 1580 1763 aliis⁶
1603 1732 1820 1774 proditoribus

172 1786 339 1816 memorati
366 1786 450 1826 regis
477 1789 508 1816 et
532 1785 649 1815 nostris
674 1785 930 1818 coniurationes,
956 1788 1064 1826 pacta,
1096 1784 1267 1814 societates
1292 1787 1323 1814 et
1348 1783 1628 1814 confederationes
1653 1784 1733 1815 inire
1758 1795 1820 1815 non

173 1837 270 1867 vitato
294 1837 483 1878 proditionis
514 1837 647 1867 crimine
680 1842 959 1878 presumpserunt,
991 1847 1025 1867 se
1058 1835 1097 1865 ad
1123 1835 1329 1866 vexationem
1359 1835 1534 1866 eorundem
1561 1836 1648 1876 regis
1674 1839 1705 1866 et
1730 1836 1819 1877 regni

175 1899 369 1930 suorumque
394 1889 535 1920 fidelium
560 1890 779 1929 accingentes,
805 1888 934 1928 dignum
960 1887 1112 1918 duximus
1136 1887 1314 1928 apostolice
1339 1897 1468 1917 manum
1494 1888 1696 1918 auctoritatis
1721 1898 1819 1929 appo-

173 1952 249 1971 nere
275 1945 388 1971 contra
413 1952 484 1972 eos.
516 1944 551 1971 ut
580 1951 680 1981 penas
710 1941 775 1970 suis
807 1940 983 1980 condignas
1014 1939 1155 1969 reatibus
1188 1939 1400 1980 pertimentes
1425 1949 1444 1968 a
1468 1939 1549 1969 tanti
1579 1939 1696 1969 erroris
1726 1939 1819 1970 devio

173 1993 378 2024 retrahantur
406 1993 471 2028 vel,
507 1993 532 2022 si
563 1993 717 2022 obstinati
750 1992 880 2029 fuerint,
916 1991 1089 2032 dampnum
1120 1993 1277 2032 perpetuo
1312 1990 1470 2028 defleant,
1507 1990 1592 2031 quod
1622 1990 1687 2021 suis
1717 1991 1820 2032 culpis

171 2045 377 2086 exigentibus
402 2048 599 2075 meruerunt.

274 2096 368 2127 Unde
393 2107 464 2127 cum
494 2096 632 2127 eundem
659 2106 785 2136 regem,
816 2098 982 2125 strenuum
1014 2094 1114 2124 nostri
1146 2093 1362 2134 redemptoris
1387 2093 1544 2124 athletam
1569 2096 1600 2124 et
1623 2093 1819 2124 indefessum

173 2148 317 2180 eiusdem
342 2149 480 2180 ecclesie
503 2149 656 2190 pugilem,
683 2148 766 2178 sicut
790 2147 891 2177 nostri
916 2146 1071 2188 pupillam
1097 2145 1181 2176 oculi
1207 2145 1370 2176 custodire
1394 2156 1431 2175 ac
1456 2144 1540 2175 idem
1565 2156 1710 2186 regnum,
1736 2145 1820 2186 quod

172 2212 190 2231 a
215 2201 306 2231 nobis
333 2204 365 2231 et
396 2201 510 2231 eadem
540 2200 679 2230 ecclesia
704 2203 793 2229 tenet
824 2199 854 2229 in
887 2198 1034 2235 feudum,
1066 2198 1169 2238 plenis
1200 2196 1374 2227 defendere
1400 2197 1513 2227 studiis
1538 2196 1757 2236 intendamus,
1788 2197 1820 2227 in

174 2263 284 2283 omnes
317 2253 404 2284 illos.
440 2252 493 2293 qui
524 2262 657 2292 regnum
688 2251 792 2292 ipsum
824 2250 1003 2280 invaserint
1027 2249 1077 2280 vel
1108 2248 1215 2279 invadi
1245 2248 1489 2289 procuraverint
1517 2248 1556 2279 ab
1585 2248 1657 2279 aliis
1688 2251 1743 2279 aut
1772 2248 1819 2278 in-

174 2304 342 2334 vasoribus
368 2303 556 2345 impendere
582 2303 840 2344 presumpserint
864 2301 1043 2339 consilium,
1069 2301 1225 2331 auxilium
1243 2300 1293 2330 vel
1311 2300 1453 2330 favorem
1471 2300 1600 2341 publice
1617 2300 1667 2330 vel
1685 2300 1821 2337 occulte,

173 2355 256 2385 latas
274 2356 349 2385 olim
368 2356 399 2385 in
416 2366 472 2386 eos
489 2359 520 2385 et
537 2358 639 2385 terras
658 2364 769 2385 eorum
788 2353 1132 2384 excommunicationis
1154 2355 1185 2382 et
1207 2351 1369 2382 interdicti
1393 2351 1570 2382 sententias
1595 2351 1820 2382 confirmantes

175 2409 207 2437 et
232 2417 286 2437 eas
311 2406 503 2437 auctoritate
528 2406 727 2447 presentium
752 2406 959 2438 innovantes,
984 2404 1207 2434 nichilominus
1231 2403 1550 2433 excommunicamus
1575 2406 1607 2433 et
1631 2402 1818 2434 anathema-

175 2458 310 2488 tizamus
337 2458 470 2489 eosdem
495 2467 671 2498 eorumque
697 2460 800 2488 terras
826 2457 922 2486 simili
947 2455 1121 2486 subicimus
1151 2453 1341 2491 interdicte,
1370 2454 1410 2484 ab
1442 2464 1553 2485 eorum
1588 2464 1715 2495 quoque
1744 2454 1819 2485 sub-

279 2605 303 2636 1)
325 2603 441 2636 Papiam
462 2603 528 2628 reni!
548 2611 573 2627 a.
588 2605 659 2633 1268,
679 2602 739 2627 Iun.
757 2605 806 2633 207·
825 2601 887 2627 BF.
902 2601 1005 2627 454871&
1086 2601 1112 2631 2)
1136 2600 1173 2631 Cf.
1188 2608 1213 2625 η,
1227 2603 1280 2626 666.
1360 2600 1386 2631 3)
1408 2599 1448 2631 Cf.
1463 2600 1540 2631 infra
1558 2608 1585 2625 n.
1600 2603 1652 2626 675.
1732 2600 1759 2632 4)
1779 2599 1821 2625 Dc

172 2647 218 2672 hcc
230 2648 262 2678 cf.
278 2646 398 2671 Potnias-t
412 2650 496 2677 12393,
518 2649 603 2677 19601,
623 2648 719 2673 19689:
738 2644 801 2670 BF.
813 2648 879 2671 4542
891 2648 915 2670 ct
931 2648 1002 2670 9303
1019 2647 1040 2670 et
1054 2644 1125 2669 Saba
1137 2643 1254 2675 sslalasp.
1268 2651 1311 2675 ap.
1326 2643 1472 2675 lum-atari,
1488 2642 1535 2668 SS.
1548 2646 1564 2668 t.
1586 2642 1666 2673 VIII,
1681 2651 1708 2675 p.
1723 2645 1773 2668 335
1783 2642 1817 2668 B.

172 2691 199 2721 5>
221 2691 261 2721 Cf.
276 2690 393 2715 Potthast
413 2692 502 2720 20252,
524 2692 614 2714 20:256.
695 2689 721 2721 6)
742 2688 889 2713 Hem-icam
907 2689 1019 2719 fratrem
1039 2687 1146 2719 Als'onsi
1166 2687 1232 2719 reglis
1252 2686 1379 2712 castellae
1398 2689 1541 2712 senatorem
1566 2686 1642 2712 Urbis
1660 2694 1717 2711 non
1736 2686 1819 2711 nomi-

172 2736 234 2759 nat:
251 2734 284 2764 cf.
301 2734 374 2764 infra
395 2741 418 2757 n.
433 2736 489 2758 675.
