2106 2979
84 654 106 671 11)

81 1168 105 1186 20

80 1691 90 1708 :i
93 1692 104 1707 υ

77 2209 101 2226 4η

720 91 917 118 EPISTOLAE
937 92 1125 120 SELECTAE.
1164 94 1237 120 1268.
1743 97 1803 126 703

162 180 332 210 transitum
358 180 402 210 cis
427 190 483 220 per
508 190 542 209 sc
567 178 616 208 vel
642 188 697 219 per
719 178 818 208 alium
847 177 961 209 darent
991 180 1175 215 consilium,
1202 181 1359 212 auxilium
1383 181 1434 211 vel
1464 181 1606 211 favorem
1640 181 1802 222 publicum

162 232 212 262 vel
237 232 407 264 oecultum.
433 234 551 261 extunc
577 229 920 260 excommunicationis
946 231 1107 262 sententia
1132 231 1280 262 duximus
1305 232 1518 271 innodandos,
1544 233 1627 263 sicut
1650 233 1682 263 in
1706 233 1802 264 variis

162 283 365 324 processibus
402 286 511 312 contra
548 281 685 312 eundem
722 280 940 311 Com-adinum
977 282 1016 313 de
1050 283 1184 313 fratrum
1220 287 1401 314 nostrorum
1436 284 1571 315 consilio
1602 284 1730 325 publice
1765 295 1802 315 ac

160 334 381 375 sollempniter
405 333 522 364 habitis
548 333 672 374 plenius
697 333 890 363 continetur.

263 386 382 416 Verum
401 385 474 426 quia
492 385 614 421 civitas,
632 385 718 415 cives
736 387 768 414 et
785 394 953 415 commune
972 385 1092 420 Pisani,
1119 387 1250 427 antique
1269 387 1514 427 persecutionis,
1533 388 1582 417 cui
1600 397 1670 417 cuin
1690 387 1802 418 eodem

160 438 212 468 Fr.
231 442 341 468 contra
364 437 543 467 Romanam
568 436 738 466 ecclesiam
764 436 912 467 institere
944 437 1079 471 diutius,
1116 448 1179 467 non
1211 438 1301 468 obliti
1336 442 1368 468 et
1398 438 1599 468 contuinacie
1631 438 1670 468 ad
1702 439 1802 479 ipsius

160 490 297 520 ecclesie
329 488 480 519 mandata
511 492 663 518 consuete
694 498 896 528 nequaquam
928 488 1164 519 hnmemoreff.
1199 489 1254 519 sed
1285 490 1411 519 illarum
1442 489 1545 520 adhuc
1576 493 1802 530 prosecutores

162 541 297 579 assidui,
323 540 483 582 predictas
508 543 634 570 nostras
660 539 881 576 inhibitiones7
909 540 1174 570 comminationes
1201 546 1232 570 et
1257 541 1437 571 sententias
1463 545 1746 582 conteinpnentes‚
1772 541 1802 571 in

159 592 340 634 predictum
366 591 583 622 Com-adinum
610 592 698 621 velut
722 591 753 620 in
779 591 888 621 Sicilie
914 601 1022 632 regem
1047 592 1217 622 intendere
1245 593 1370 633 ipsique
1397 593 1524 623 nuntios
1556 598 1587 623 et
1618 594 1743 623 litteras
1769 597 1803 623 ut

159 644 266 675 Sicilie
291 644 359 685 regi
384 644 512 674 mittere
541 654 578 673 ae
602 642 641 672 ab
674 643 743 683 ipso
773 647 925 683 tanquam
950 654 968 672 a
993 654 1067 683 rege
1093 643 1201 674 Sicilie
1234 644 1292 674 snb
1325 645 1493 685 premissis
1525 645 1741 674 intitulatione
1767 654 1803 674 ae

157 696 416 727 denominatione
436 695 591 736 recipere,
620 695 702 724 sieut
720 695 815 724 etiam
841 694 1081 725 ainbaxiatores
1107 706 1164 725 seu
1190 695 1313 736 syndici
1332 696 1510 726 eommunis
1528 696 1628 736 ipsius
1647 696 1677 726 in
1696 699 1803 726 nostra

157 752 189 778 et
213 747 429 790 predictorum
454 748 589 777 fratrum
614 747 778 787 presentia
803 746 943 776 confessi
969 746 1108 781 fuerunt,
1135 750 1167 777 et
1192 747 1273 777 alias
1299 747 1404 777 cidem
1428 747 1566 777 favendo
1583 747 1804 788 multipliciter

158 799 261 840 ipsum
286 798 325 829 ad
352 798 545 829 veniendum
571 801 683 828 contra
709 797 840 827 cosdem
866 797 1037 828 ccclesiam
1063 802 1095 828 et
1120 808 1229 838 regem
1255 799 1365 829 Sicilie
1391 799 1421 828 in
1446 798 1542 829 Italia
1566 799 1700 829 incitare
1726 798 1801 828 sibi-

158 861 219 891 que
259 850 297 880 ad
337 850 395 881 hoc
431 850 650 891 pecuniarium
688 849 783 879 ctiam
819 854 964 889 prestare
1005 849 1185 879 subsidium
1223 850 1352 890 aliaque
1392 851 1580 890 promittere
1620 849 1802 880 temeritate

158 901 356 943 dampnabili
383 905 665 943 presumpserunt,
699 902 860 942 prefatum
891 911 1018 942 quoque
1048 912 1159 941 regem
1189 901 1228 931 de
1262 901 1479 942 predictorum
1510 902 1643 932 fratrum
1668 902 1802 932 consilio

158 954 352 985 destinatum
372 964 429 995 per
453 964 509 983 nos
536 954 566 983 in
584 953 735 983 Tusciam
762 953 947 994 paciariuin.
975 953 1033 982 hoc
1059 957 1108 983 est
1130 953 1219 994 pacis
1245 953 1372 994 publice
1399 957 1607 985 servatorem.
1633 953 1801 983 admittere

158 1005 281 1047 sibique
313 1006 343 1036 in
374 1006 462 1046 pacis
498 1005 725 1035 obscrvatione
756 1015 869 1045 parere
901 1005 1136 1034 contumaciter
1167 1005 1380 1035 recusarunt²
1412 1005 1581 1045 ipsumque
1614 1015 1650 1035 ac
1681 1015 1738 1035 nos
1771 1005 1801 1035 in

158 1058 225 1099 ipso
256 1058 286 1087 in
318 1056 464 1087 omnibus
496 1057 526 1086 in
556 1057 672 1097 quibus
704 1060 853 1097 poterant
885 1067 940 1096 pro
973 1067 1066 1096 posse
1096 1056 1260 1087 offendere
1292 1063 1364 1086 sunt
1394 1056 1516 1086 conati:
1554 1066 1611 1086 nos
1650 1057 1680 1086 in
1719 1056 1802 1087 festo

158 1108 371 1139 dedicationis·
403 1108 543 1139 Basilice
576 1108 734 1148 Principis
767 1108 997 1148 Apostolorum
1029 1108 1237 1148 pontificatus
1269 1108 1368 1138 nostri
1404 1118 1488 1137 anno
1527 1108 1622 1138 tertio
1636 1108 1646 1125 ²³
1678 1108 1707 1137 in
1744 1108 1802 1138 hac

157 1161 269 1191 maiori
288 1160 427 1191 ecclesia
443 1160 653 1190 Viterbiensi.
680 1165 828 1200 presente
848 1159 947 1189 inulta
971 1160 1202 1189 numerositate
1222 1158 1374 1190 fidelium.
1401 1162 1464 1189 tam
1485 1159 1647 1189 civitatem
1666 1159 1801 1190 candem

158 1222 252 1252 quam
278 1216 484 1253 potestatem,
511 1211 716 1252 capitaneum
742 1216 944 1251 ceterosque,
969 1221 1104 1252 quorun]
1128 1211 1261 1241 consilio
1286 1210 1400 1241 eadem
1425 1211 1539 1241 civitas
1564 1211 1746 1252 regebatur,
1772 1214 1804 1242 et

158 1274 268 1294 omnes
300 1264 397 1295 alios.
433 1273 565 1304 quorum
597 1263 730 1293 consilio
763 1263 812 1293 vcl
848 1273 979 1292 assensu
1012 1262 1157 1303 predicta
1193 1264 1276 1293 facta
1312 1262 1456 1293 fuerunt.
1499 1266 1609 1293 contra
1642 1262 1802 1303 predictas

158 1321 282 1346 nostras
308 1315 516 1346 inhibitiones
542 1318 573 1345 et
598 1315 864 1345 comminationes
889 1318 1011 1345 temere
1038 1314 1208 1349 veniendo,
1233 1315 1379 1356 prefatas
1404 1315 1745 1345 excommunicationis
1771 1318 1803 1344 et

159 1367 318 1398 interdicti
345 1367 524 1397 sententias
542 1366 778 1397 ‹leclarax‘inius
799 1367 981 1396 incurrisse.
1008 1367 1093 1407 ipsos
1112 1366 1339 1396 nichilominus
1357 1370 1561 1407 potestatem.
1587 1367 1801 1407 capitaneum.

158 1419 356 1449 consiliarios
395 1423 425 1449 ct
461 1419 543 1448 alios
575 1418 709 1448 l‘isanos
748 1418 906 1458 predictos
939 1430 974 1447 ac
1007 1419 1169 1448 civitatem
1203 1422 1234 1448 et
1265 1429 1433 1448 commune
1470 1419 1611 1459 prefatos
1647 1417 1686 1447 dc
1720 1428 1802 1447 novo

157 1471 312 1501 similibus
345 1471 513 1501 sententiis
551 1470 757 1500 innodantes.
793 1474 824 1499 ct
860 1470 1017 1500 universis
1056 1469 1175 1499 (fin-isti
1214 1469 1363 1499 fidelibus
1401 1469 1576 1499 district-ius
1607 1468 1801 1499 inhibentes.

157 1533 195 1552 ne
221 1523 289 1563 quis
313 1532 438 1560 eorum,
472 1523 692 1563 cuiuscunque
718 1522 799 1551 foret
823 1521 988 1561 dignitatis
1020 1526 1074 1551 aut
1100 1525 1217 1553 status.
1256 1522 1285 1551 in
1320 1521 1402 1551 dicta
1441 1521 1570 1551 civitate
1600 1521 1717 1550 Pisana
1750 1521 1803 1551 vel

157 1574 304 1605 districtu
330 1574 440 1615 ipsius.
467 1574 570 1604 donec
596 1575 626 1604 in
651 1573 834 1604 huiusmodi
860 1573 1077 1603 obstinatione
1103 1574 1324 1614 persisterent,
1349 1573 1541 1614 potestarie.
1567 1572 1727 1613 capitanie
1751 1572 1802 1602 vel

157 1625 244 1656 aliud
279 1626 488 1667 quodcunque
520 1630 700 1656 assumeret
732 1626 870 1655 officium
902 1630 957 1656 aut
986 1626 1176 1656 societatem
1207 1626 1301 1656 iniret
1332 1636 1403 1655 cum
1435 1623 1547 1655 eadem
1579 1624 1710 1654 civitate
1745 1634 1801 1654 seu

158 1678 315 1708 communi
341 1677 505 1708 ciusdem.
537 1682 568 1707 et
594 1678 674 1718 siqui
704 1678 811 1707 forsan
842 1680 1086 1718 assumpserant
1110 1677 1160 1707 vel
1195 1677 1383 1707 societatem
1408 1677 1546 1706 inierant
1570 1686 1640 1706 eum
1668 1675 1800 1710 eisdem,

158 1729 239 1759 int'ra
271 1740 413 1759 inensem
448 1733 567 1759 extunc
602 1729 855 1770 computandum
891 1729 1030 1759 officium
1066 1728 1266 1759 dimitterent
1295 1732 1326 1758 et
1357 1728 1548 1758 societatem
1585 1727 1801 1758 dissolverent

156 1781 280 1821 ipsique
310 1781 534 1811 renuntiarent
563 1791 718 1821 cxprcssc
748 1791 784 1810 ac
810 1781 938 1811 omnino
972 1781 1163 1811 recederent
1188 1780 1226 1810 ab
1252 1780 1376 1810 eadem.
1423 1779 1574 1820 Alioquin
1600 1790 1655 1810 eos
1682 1783 1800 1809 extunc

157 1833 497 1863 exc-ommunicationis
512 1833 673 1863 sententia
687 1832 838 1862 duximus
855 1832 1065 1862 innodandos.
1099 1832 1140 1862 Et
1157 1833 1182 1862 si
1199 1832 1304 1872 aliqua
1318 1842 1507 1872 quecunque
1522 1831 1625 1862 officia
1642 1834 1800 1871 gererent,

157 1884 276 1914 omnia.
314 1895 375 1925 que
413 1895 470 1925 per
498 1885 582 1925 ipsos
619 1885 668 1914 vcl
704 1884 845 1925 ipsorum
881 1885 1073 1914 auctoritate
1107 1895 1164 1914 seu
1199 1883 1375 1913 ministerio
1413 1883 1444 1913 in
1478 1882 1596 1912 iudicio
1628 1883 1677 1912 vel
1710 1886 1801 1912 extra

155 1936 307 1966 iudicium
333 1936 401 1966 fieri
426 1947 482 1966 seu
507 1936 576 1976 geri
601 1936 812 1976 contingeret.
838 1936 956 1965 nullius
980 1936 1109 1976 penitus
1131 1946 1202 1965 esse
1220 1935 1373 1965 momenti
1391 1946 1426 1965 ac
1446 1935 1529 1964 omni
1555 1945 1664 1964 carere
1689 1934 1799 1964 decre-

154 1988 258 2018 vimus
282 1987 395 2018 robore
420 1987 588 2018 firmitatis.

258 2038 402 2079 Cumque
432 2039 567 2079 predicti
600 2050 769 2069 commune
800 2039 839 2068 dc
870 2038 1010 2079 parcnih)
1044 2039 1161 2068 nostris
1198 2042 1229 2068 ct
1260 2038 1397 2068 ecclesie
1422 2037 1581 2067 mandatis
1607 2047 1703 2078 super
1728 2037 1799 2068 hiis.

155 2101 211 2131 pro
238 2090 352 2131 quibus
382 2091 461 2120 alias
493 2091 611 2131 prefati
641 2091 727 2120 cives
761 2090 1033 2120 excommunicati
1067 2094 1097 2120 et
1127 2090 1239 2120 civitas
1270 2088 1439 2119 interdicta
1469 2089 1611 2123 fuerant,
1643 2099 1701 2129 per
1724 2099 1799 2118 suos

155 2141 348 2182 sollempnes
368 2141 515 2183 syndicos
533 2142 573 2172 ad
589 2142 647 2172 hoc
666 2142 856 2172 constitutos
871 2142 1059 2182 specialiter
1074 2141 1267 2171 iuravissent
1277 2141 1299 2172 4,
1318 2151 1374 2170 nos
1393 2144 1587 2170 memoratos
1604 2143 1798 2181 potestatem

155 2196 186 2223 et
211 2194 304 2229 alios,
330 2204 388 2234 per
412 2204 491 2234 quos
517 2193 629 2223 eadem
655 2194 767 2223 civitas
793 2193 982 2233 regebatur.
1017 2203 1142 2222 necnon
1168 2196 1199 2222 et
1223 2193 1327 2233 ipsum
1353 2202 1521 2222 commune
1547 2191 1731 2227 citavimus„
1764 2194 1799 2221 ut

157 2245 237 2274 intra
272 2255 369 2275 unum
400 2256 541 2275 inensem
573 2245 825 2286 computandum
857 2248 991 2279 extunc,
1026 2255 1120 2284 quein
1154 2245 1198 2274 eis
1230 2254 1286 2285 pro
1316 2243 1532 2284 peremptorio
1563 2243 1797 2283 assignavimus

153 2297 305 2327 termino.
335 2307 392 2337 per
416 2297 613 2337 sollempnes
638 2296 803 2337 syndicum
831 2297 881 2326 vel
907 2296 1056 2336 syndicos
1081 2295 1120 2326 ad
1147 2295 1205 2325 hoc
1231 2295 1414 2336 specialiter
1438 2294 1643 2331 constitutos,
1669 2295 1797 2335 plenum

153 2352 185 2377 ct
209 2348 389 2388 legitimum
414 2348 452 2378 de
477 2348 660 2389 recipiendo
686 2352 717 2378 et
741 2348 945 2389 adimplendo
974 2352 1082 2378 nostra
1108 2350 1139 2377 et
1163 2347 1302 2378 ecclesie
1328 2346 1473 2387 predicte
1492 2345 1645 2376 mandata
1663 2346 1795 2376 manda>

154 2404 220 2429 tum
245 2399 414 2431 habentes,
439 2399 616 2440 apostolico
635 2410 667 2430 se
685 2400 872 2440 conspectui
898 2402 1134 2441 presentare-nt,
1160 2398 1362 2440 predicentes
1388 2401 1499 2438 aperte
1517 2397 1601 2438 quod
1620 2400 1739 2428 extunc
1758 2417 1796 2420 —

258 2563 283 2587 1ο
306 2562 345 2591 (γ’.
361 2570 384 2586 ιι.
398 2566 452 2587 tias.
541 2564 565 2591 2)
587 2561 627 2592 Cf.
642 2561 763 2586 Pottlmst
784 2566 874 2587 mos-s.
895 2565 983 2589 Jews,
1003 2565 1093 2592 wiri,
1113 2565 1208 2586 2015&
1227 2562 1260 2591 cf.
1273 2568 1300 2592 p.
1315 2563 1367 2587 701.
1394 2563 1445 2585 not.
1461 2564 1483 2585 6.
1522 2559 1653 2585 ,atttendas
1674 2560 1796 2585 Cui-alam

153 2613 235 2637 rcyem
256 2605 423 2637 ‘pomarium'
444 2613 525 2635 »teque
547 2612 604 2628 vera
625 2604 761 2628 *ricarium
781 2605 893 2636 imperit*
914 2605 941 2628 in
963 2604 1090 2636 partibas
1112 2603 1221 2628 Tusciae
1246 2603 1413 2635 appellatam
1437 2610 1503 2631 cssr’,·
1529 2603 1561 2634 cf.
1575 2611 1602 2635 p.
1621 2607 1677 2635 (575,
1706 2606 1759 2628 nol.
1773 2608 1795 2628 4.

152 2649 177 2677 3)
198 2649 229 2672 A.
247 2651 315 2679 1261v
334 2647 400 2672 Nor.
425 2652 460 2672 ΙΝ.
555 2648 575 2672 1>
596 2649 627 2672 A.
649 2651 713 2674 1263,
739 2647 798 2673 Ian.
813 2652 843 2672 22
859 2656 936 2680 papa
961 2647 1167 2672 commemorarit
1189 2646 1303 2671 Pisanos
1321 2654 1379 2670 cnm
1400 2646 1493 2671 Garolo
1510 2654 1567 2678 ‘resse
1583 2654 1675 2678 paceni
1694 2646 1796 2676 seems&

154 2690 273 2715 Pottlmst
292 2694 388 2717 20232:
411 2690 444 2720 cf.
460 2694 546 2714 20221.
584 2689 639 2714 Sed
657 2690 751 2715 bellum
769 2691 857 2715 statim
878 2690 972 2715 iterum
991 2690 1101 2715 eoem'sit:
1129 2688 1245 2714 l’otthast
1263 2692 1347 2714 20282
1367 2700 1397 2709 :³
1418 2692 1508 2719 1995&
1527 2689 1561 2719 cf.
1575 2689 1709 2721 epistolum
1729 2688 1796 2721 restis

154 2742 181 2757 tn·
202 2734 274 2758 Ami.
293 2733 409 2758 Placent.
423 2732 479 2757 (r'ib.
495 2732 539 2757 ὅδ’.
554 2736 570 2757 t.
590 2733 701 2758 XVIII.
721 2740 744 2764 [ι.
759 2737 814 2759 525,
