2106 2979
49 672 71 689 lo

50 928 72 946 15

45 1187 69 1204 ‘20

46 1710 71 1726 :50

47 2225 72 2243 40

50 2586 71 2605 45

690 109 889 135 EPISToLAE
908 109 1096 135 SELEUTAE.
1137 110 1207 135 1263.
1704 113 1764 142 505

126 196 206 226 rium
231 196 270 226 de
288 196 435 227 viterbio
461 196 665 237 capellanum
692 196 855 226 nostrum¹
883 195 1050 237 Spoletum
1075 195 1226 226 duximus
1252 195 1493 228 destinandum.
1525 198 1650 238 sibique
1676 196 1766 228 dedi-

126 258 196 278 mus
220 247 338 278 nostris
356 247 470 278 litteris
487 247 518 277 in
536 247 706 280 mandatis.
730 251 764 278 ut
780 248 811 278 in
828 247 961 278 consilio
981 247 1040 277 loci
1066 246 1210 278 eiusdem
1233 247 1351 277 dictam
1375 251 1493 279 terram
1515 249 1555 280 ad
1580 249 1763 279 demanium

126 298 271 330 eiusdem
290 299 426 330 ecclesie
444 303 610 330 revocaret
627 310 663 329 ac
681 299 786 330 eidem
804 299 963 329 communi
982 310 1022 329 ex
1040 301 1132 340 parte
1157 302 1266 329 nostra
1283 299 1341 329 sub
1360 303 1448 330 certa
1466 311 1549 341 pena
1574 301 1766 342 preciperet.

125 354 160 381 ut
184 354 302 381 terram
328 350 463 381 eandem
489 350 583 381 nobis
601 354 633 381 et
655 350 759 381 eidem
785 350 923 381 ecclesie
949 349 1159 383 dimittentes,
1184 350 1408 391 permitterent
1432 351 1533 392 ipsam
1558 362 1615 393 per
1638 352 1766 382 nuntios

125 405 252 432 nostros
294 402 362 443 regi
400 405 431 432 et
466 401 566 432 libere
597 402 782 443 gubernari.
844 401 990 442 Cumque
1027 401 1130 432 dictus
1165 401 1353 442 capellanus
1383 402 1499 433 fuisset
1529 403 1559 433 in
1590 403 1649 434 hac
1678 406 1768 444 parte

125 453 312 484 mandatum
336 453 543 495 apostolicum
569 457 726 484 executus
744 457 776 484 et
792 453 921 484 tandem
946 453 984 483 ad
1010 456 1150 483 castrum
1169 452 1320 483 Porcarie
1339 453 1435 484 situm
1461 454 1490 484 in
1516 454 1630 485 eadem
1649 454 1768 484 Arnul-

125 505 260 546 phorum
286 508 373 536 terra
396 516 430 536 se
453 505 667 546 personaliter
684 505 883 537 contulisset.
909 505 1004 535 iidem
1028 515 1207 537 commune,
1233 504 1273 535 ad
1291 504 1409 535 dictum
1435 509 1574 536 castrum
1600 506 1766 536 universa-

123 557 195 587 liter
219 560 250 587 et
274 556 437 587 hostiliter
461 556 664 592 aecedentes.
689 556 766 587 illud
792 556 941 588 obsidere
959 568 995 587 ac
1013 556 1173 598 prefatum
1192 557 1395 597 capellanum
1418 558 1612 588 existentem
1637 557 1767 590 ibidem,

123 612 158 639 ut
182 608 288 640 exiret
313 608 442 646 exinde,
466 608 661 649 compellere
685 612 960 650 presumpserunt.
990 607 1171 639 invadendo
1197 611 1319 639 temere
1344 611 1483 639 castrum
1508 609 1610 650 ipsum
1636 620 1692 650 pro
1711 619 1767 639 sue

122 659 212 690 libito
238 660 419 691 voluntatis.
465 659 573 695 Unde,
605 670 676 690 eum
706 663 792 691 tante
817 661 1011 691 temeritatis
1036 670 1192 691 excessus
1222 659 1261 690 ad
1292 664 1434 690 nostram
1466 661 1664 691 audientiam
1689 671 1763 701 per-

122 712 280 747 venisset,
317 722 374 742 nos
404 711 523 742 dictum
559 722 729 742 commune
765 722 822 753 per
856 712 1008 743 dilectum
1042 712 1142 742 filium
1173 712 1363 752 magistrum
1389 712 1521 743 Petrum
1550 712 1671 743 dietum
1702 711 1766 742 Ro-

123 774 252 794 manum
271 763 310 794 de
328 763 513 797 Ferentino,
539 764 741 805 capellanum
760 767 914 797 nostrum,
940 774 1035 805 quem
1061 764 1135 794 illuc
1160 767 1293 805 propter
1316 763 1374 794 hoc
1400 764 1586 805 specialiter
1610 764 1765 795 misimus,

124 815 258 846 fecimus
283 815 500 856 peremptorie
525 815 624 849 citari.
650 819 684 846 ut
709 819 797 846 certo
823 815 873 846 die
899 819 1126 857 comparerent
1150 825 1206 856 per
1230 816 1444 846 sufficientem
1470 815 1636 857 syndicum
1662 825 1768 845 coram

124 867 233 900 nobis,
267 877 365 908 super
398 866 458 897 hiis
484 866 642 898 mandatis
668 867 855 908 apostolicis
880 867 1014 908 parituri
1050 871 1081 898 et
1106 867 1266 897 ostensuri
1292 867 1535 900 nichilominus.
1566 877 1768 908 quecumque

124 919 194 949 iura
218 930 252 949 se
278 918 399 949 habere
423 918 595 949 crederent
619 919 649 949 in
675 923 761 949 terra
786 918 939 960 predicta.
982 919 1080 949 Porro
1105 918 1233 960 quidam
1258 919 1501 949 ambassatores
1525 929 1565 949 ex
1585 922 1676 960 parte
1694 917 1768 948 dieti

123 970 300 1001 communis
330 970 370 1001 ad
401 974 543 1001 nostram
579 971 776 1012 presentiam
806 970 1001 1001 accedentes
1035 970 1252 1001 exhibuerunt
1284 971 1376 1001 nobis
1408 974 1439 1001 et
1466 970 1620 1001 fratribus
1652 970 1769 1000 nostris

122 1022 316 1063 transcripta
345 1021 544 1063 quarundam
574 1022 766 1058 litterarum,
803 1033 881 1063 quas
908 1033 1005 1064 super
1035 1022 1122 1053 dicta
1150 1026 1237 1053 terra
1266 1033 1299 1053 se
1331 1022 1451 1053 habere
1481 1022 1644 1054 dicebant,
1680 1025 1766 1051 tran-

122 1075 278 1116 scriptum
307 1073 457 1104 videlicet
488 1073 687 1115 quarundam
718 1074 896 1105 litterarum
923 1075 1025 1105 felicis
1058 1074 1292 1105 recordationis
1324 1074 1503 1104 innocentii
1541 1084 1623 1115 pape
1652 1072 1768 1114 prede-

123 1126 264 1156 cessoris
290 1126 400 1160 nostri.
425 1126 594 1156 continens
619 1126 702 1156 inter
727 1126 801 1159 alia.
834 1126 916 1167 quod
942 1125 1026 1156 idem
1052 1126 1264 1167 predecessor
1289 1126 1372 1156 bone
1398 1126 1552 1156 memorie
1577 1123 1767 1167 Rlayneriol

122 1177 240 1208 Sancte
272 1177 372 1208 Mario
407 1177 437 1207 in
473 1176 637 1208 Cosmidin
674 1177 809 1208 diacono
847 1177 1001 1208 cardinali
1044 1178 1073 1208 in
1108 1178 1301 1219 patrimonio
1334 1178 1421 1208 beati
1454 1177 1542 1207 Petri
1580 1177 1609 1207 in
1640 1176 1767 1206 Tuscia.

122 1229 240 1260 ducatu
275 1228 449 1270 Spoletano
484 1232 517 1259 et
551 1229 693 1260 marchia
725 1229 925 1260 Anconitana
957 1230 1116 1260 commisit
1153 1230 1183 1260 in
1217 1229 1438 1271 spiritualibus
1475 1232 1508 1259 et
1537 1227 1769 1270 temporalibus

122 1281 210 1312 vices
236 1291 321 1312 suas.
347 1280 528 1312 concedens
554 1281 582 1311 ei
608 1281 792 1313 exercendi.
819 1281 968 1322 quicquid
994 1281 1104 1311 honori
1131 1282 1229 1322 ipsius
1256 1282 1393 1312 ecclesie
1419 1284 1450 1311 et
1475 1281 1603 1311 utilitati
1628 1279 1769 1310 fidelium

124 1333 249 1363 illarum
284 1333 422 1374 partium
458 1332 614 1374 expedire
649 1332 772 1363 videret
809 1333 838 1363 in
874 1333 1032 1374 utrisque.
1074 1333 1207 1363 liberam
1245 1332 1473 1375 potestatem‘2.
1536 1332 1672 1373 Insuper
1711 1342 1768 1361 cx-

123 1385 297 1416 hibuerunt
322 1385 551 1426 transcriptum
578 1384 744 1415 cuiusdam
769 1385 894 1415 articuli
921 1385 1078 1416 contenti.
1104 1390 1137 1415 ut
1162 1385 1329 1416 dicebant.
1364 1386 1393 1415 iu
1420 1385 1536 1415 litteris
1563 1384 1637 1414 dicti
1664 1382 1768 1413 cardi-

124 1436 219 1473 nalis7
255 1440 329 1467 tunc
363 1436 393 1466 in
425 1436 538 1467 eodem
571 1436 690 1466 ducatu
721 1437 809 1467 vices
840 1437 982 1477 gerentis
1014 1437 1230 1468 l1uiusmodi³³z
1263 1437 1314 1478 qui
1346 1436 1475 1478 quidem
1508 1436 1662 1467 articulus
1694 1435 1767 1465 talis

123 1492 206 1519 erat:
233 1487 384 1519 videlieet
407 1487 492 1529 quod
511 1487 595 1518 idem
615 1487 789 1518 cardinalis
815 1488 927 1519 volens
954 1488 1108 1519 exaudire
1134 1489 1306 1530 petitiones
1326 1488 1586 1529 Spoletanorum,
1611 1491 1766 1528 quantum

123 1540 245 1571 indulte
262 1539 322 1570 sibi
344 1540 547 1571 auctoritatis
565 1550 600 1570 se
618 1539 818 1581 possibilitas
837 1540 1045 1572 extendebat.
1071 1540 1246 1581 predictam
1271 1544 1389 1571 terram
1410 1539 1617 1570 Arnulforum
1643 1538 1766 1570 eisdem

122 1592 152 1622 in
177 1591 334 1622 fidelitate
358 1602 394 1622 ac
420 1591 590 1622 devotione
622 1590 707 1621 sedis
740 1591 916 1633 apostolice
943 1592 1226 1632 perseverantibus
1251 1591 1461 1622 concedebat.
1507 1590 1713 1621 Exibuerunt
1738 1594 1769 1620 et

124 1643 212 1674 aliud
237 1644 463 1685 transcriptum
487 1643 685 1684 quarundam
711 1643 889 1674 litterarum
915 1643 990 1673 dicti
1017 1643 1288 1684 predecessoris&
1314 1644 1344 1674 in
1369 1654 1430 1684 quo
1456 1642 1657 1673 narrabatur.
1683 1640 1767 1682 quod

123 1695 206 1726 idem
230 1695 402 1725 cardinalis
427 1695 562 1736 quedam
582 1695 627 1724 eis
646 1695 782 1725 (luxerat
807 1695 1013 1726 concedenda
1036 1695 1186 1736 quodque
1205 1695 1286 1726 idem
1307 1695 1520 1737 predecessor
1545 1693 1767 1725 confirmabat.

123 1747 207 1788 quod
240 1757 297 1788 per
335 1746 471 1777 eundem
506 1746 700 1777 cardinalem
736 1746 868 1787 provide
904 1747 1023 1777 factum
1058 1750 1136 1778 crat.
1201 1747 1346 1778 Tertium
1380 1757 1506 1788 quoque
1536 1745 1765 1786 transcriptum

123 1798 346 1840 produxerunt
371 1798 570 1840 quarundam
598 1798 774 1828 litterarum
802 1799 852 1840 pie
878 1799 1031 1829 memorie
1057 1798 1234 1829 Alexandri
1261 1810 1343 1840 pape
1370 1798 1608 1840 predecessoris
1634 1797 1766 1828 nosti-1³,

123 1850 207 1891 quod
233 1854 300 1881 erat
333 1851 529 1881 continentie
555 1850 642 1881 talis:
675 1850 825 1881 videlicet
855 1851 937 1891 quod
968 1851 1051 1881 idem
1083 1850 1293 1892 predecessor
1319 1852 1354 1882 A.
1382 1851 1489 1881 onmia
1514 1853 1635 1880 castra.
1662 1849 1765 1879 villas.

124 1902 315 1933 tenimenta.
347 1903 430 1936 iura.
460 1902 660 1933 conditiones
695 1906 726 1932 et
760 1902 1015 1933 consuetudines
1047 1913 1155 1932 corum
1182 1903 1358 1944 Spoletane
1390 1902 1529 1932 civitatis
1562 1905 1593 1931 et
1617 1900 1765 1931 diocesis.

124 1954 208 1984 sicut
233 1965 270 1984 ea
295 1954 399 1984 omnia
426 1954 507 1984 iuste
532 1966 569 1984 ac
596 1954 730 1995 pacifice
755 1954 980 1995 possidebant.
1015 1954 1136 1985 eisdem
1165 1954 1350 1995 Spolctanis·
1381 1954 1420 1984 de
1446 1964 1526 1984 novo
1552 1953 1710 1983 concessit
1735 1956 1766 1983 et

123 2006 316 2036 auctoritate
343 2006 520 2047 apostolica
547 2006 756 2036 confirmavit.

226 2057 293 2087 Nos
319 2068 403 2087 vero.
429 2058 630 2099 transcriptis
656 2057 778 2088 eisdem
810 2069 869 2088 non
897 2058 1089 2089 adbibmitcs
1114 2059 1223 2090 tidem.
1248 2060 1328 2088 sieut
1354 2069 1411 2089 nec
1438 2059 1533 2088 ctiam
1559 2057 1766 2087 debebamus.

123 2109 216 2139 dictis
242 2109 520 2140 ambassatoribus
546 2110 671 2140 nomine
702 2110 816 2152 prefati
848 2111 1026 2140 communis
1056 2114 1177 2141 eertum
1209 2110 1394 2151 prefixiinus
1427 2110 1615 2140 terminum.
1648 2109 1679 2138 in
1704 2119 1766 2149 quo

123 2171 179 2202 per
203 2160 418 2191 sufficientem
445 2166 667 2202 eoniparerfflt
699 2161 866 2202 syndicum
901 2173 1006 2192 eoram
1038 2162 1145 2193 nobis.
1176 2162 1336 2192 ostensuri
1368 2161 1548 2191 autenticas
1580 2161 1704 2191 litteras
1735 2163 1766 2190 et

123 2223 341 2253 quascumque
370 2213 448 2243 alias
478 2212 517 2243 de
549 2216 635 2243 terra.
666 2214 790 2255 prefata
822 2214 964 2244 rationes
994 2214 1162 2247 haberent.
1202 2214 1385 2254 inisti-isque
1417 2223 1514 2254 super
1544 2212 1603 2242 hiis
1634 2212 1766 2253 parituri

123 2264 292 2294 mandatis.
340 2264 403 2305 Ipsi
429 2268 536 2295 autem
563 2265 729 2306 Spoletani
755 2276 813 2296 nc(-
840 2265 1041 2296 sufficienter
1066 2266 1094 2296 in
1121 2265 1233 2296 cmlem
1265 2265 1400 2296 termino
1424 2264 1604 2306 apostolico
1630 2275 1664 2294 se
1690 2274 1764 2293 con-

124 2315 249 2356 spectui
273 2319 501 2356 presentarunt
526 2327 630 2357 neque
656 2316 746 2347 nobis
771 2317 895 2358 aliquas
921 2318 1095 2359 scripturas
1120 2318 1298 2348 autenticas
1320 2316 1516 2347 obtulerunt.
1556 2315 1621 2346 Nos
1647 2319 1765 2345 autem.

125 2368 270 2398 volentes
300 2367 340 2397 ad
369 2378 479 2398 eorum
509 2369 662 2399 malitiam
692 2369 958 2400 convincendam.
996 2374 1028 2400 ut
1058 2370 1198 2411 ipsorum
1231 2368 1464 2400 contumaciam
1494 2372 1525 2398 et
1555 2367 1766 2409 pertinaciam

124 2422 234 2450 nostra
258 2419 415 2460 patientia
439 2422 615 2461 superaret.
640 2420 761 2451 dictum
779 2431 946 2451 commune
965 2432 1022 2462 per
1040 2421 1178 2452 eundem
1204 2421 1408 2462 capellanum
1434 2420 1549 2451 iterato
1574 2419 1765 2460 peremtorie

229 2574 251 2602 l)
271 2573 354 2598 Hunc
373 2573 527 2598 Ale-vander
540 2573 586 2598 IV
596 2582 670 2605 papa
689 2583 714 2600 ιι.
730 2578 800 2603 1260,
822 2575 941 2607 Marta,
962 2576 1013 2601 Iul.
1027 2580 1041 2602 ‚5
1060 2579 1083 2601 et
1103 2576 1142 2609 [n.
1158 2580 1226 2606 1261,
1250 2576 1309 2601 Ian.
1324 2576 1367 2609 12]
1385 2578 1513 2601 rectorem
1528 2574 1684 2607 patrimonii
1702 2573 1768 2598 beati

125 2617 198 2642 Petri
213 2617 241 2641 ιή
258 2616 353 2642 Tuscia
366 2617 561 2649 appellaverat:
583 2616 703 2642 Parrhase
719 2621 804 2649 17501,
826 2622 908 2649 17011,
928 2623 1013 2645 18010.
1085 2621 1111 2650 2>
1132 2620 1165 2644 A.
1182 2622 1256 2650 1244,
1276 2619 1339 2644 Ima.
1354 2621 1401 2650 2&
1420 2618 1453 2650 cf.
1468 2621 1484 2644 t.
1503 2618 1538 2643 IL
1554 2627 1581 2650 1).
1595 2621 1648 2647 561,
1661 2625 1688 2642 a.
1703 2620 1766 2642 7:3⁸:

127 2658 278 2691 Ciarariui,
307 2659 396 2684 Colla.
417 2659 605 2692 sslarclzisfimza
623 2663 640 2685 t.
660 2659 689 2691 V,
715 2668 741 2692 71.
762 2663 805 2693 93,
835 2670 858 2686 a.
876 2665 916 2687 87.
1007 2664 1034 2689 :ii
1055 2663 1086 2688 A.
1108 2666 1174 2693 1247,
1204 2662 1270 2687 Nor.
1294 2666 1334 2689 13:
1365 2661 1457 2693 Sensi,
1488 2661 1576 2686 storia
1603 2660 1630 2685 di
1658 2660 1765 2692 spoleta.

126 2702 344 2735 Doemn.p.2.ss,
365 2711 390 2729 n.
405 2707 444 2728 42.
533 2703 559 2734 4)
578 2703 610 2727 A.
628 2706 701 2733 1249,
721 2703 788 2729 Mai.
812 2708 858 2736 ‘-’¹²;
880 2705 973 2737 Sensi,
993 2706 1040 2730 Le.
1053 2714 1079 2738 μ,
1094 2710 1154 2732 2511,
1174 2714 1198 2731 η,
1214 2709 1250 2730 43.
1339 2706 1365 2735 5)
1388 2705 1419 2729 A.
1442 2708 1510 2735 1255,
1534 2703 1608 2728 Febr.
1623 2709 1649 2731 υ,-
1674 2702 1766 2733 Sensi,

123 2745 139 2771 I.
153 2753 174 2771 c.
184 2753 212 2778 p.
227 2749 283 2778 299,
302 2754 328 2771 η.
343 2750 383 2772 48.

227 2797 290 2823 Rse.
307 2796 387 2823 PoN'r.
411 2798 456 2822 lll.
1529 2800 1561 2825 ⁶34
