2106 2979
290 99 351 126 «3132
856 93 900 118 EX
921 92 1123 133 CLEMENTIs
1144 92 1180 118 IV
1194 92 1373 118 REGISTRO

1066 217 1151 251 653.

395 267 549 314 Olcnwns
566 283 716 321 Il'papa
743 281 926 322 Olttobono]
949 282 980 311 S.
998 281 1141 312 Adriani
1164 282 1293 311 diacono
1322 281 1482 311 cardinali
1510 281 1608 321 legato
1637 282 1765 313 nummi}
1787 292 1818 313 se
1841 293 1931 322 neqo-

290 336 366 365 le'nm
391 335 472 365 [ulcr
489 335 659 375 Alsonsam
683 337 709 363 ct
729 333 901 363 Ricardum
926 334 961 363 *in
986 333 1199 363 Romam-mn
1223 343 1321 372 rcglcm
1344 333 1450 363 eleetos
1475 335 1593 363 vertens
1615 343 1711 372 usquc
1734 334 1776 364 ml
1790 345 1819 364 α.
1838 336 1930 371 1267,

291 387 362 417 Ian.
382 389 400 416 7
422 386 627 425 suspendisse,
651 386 736 424 elilim
759 385 898 417 nimidas,
922 386 956 414 uf
979 384 1153 414 Ricardum
1177 385 1254 415 citet.
1579 385 1671 421 1266,
1695 385 1844 423 Αρ1“.30.

391 445 466 471 Glem.
482 446 528 471 JV
538 446 600 478 Rcy.
621 445 673 471 1'03.
689 445 711 477 I,
736 448 793 475 116¹,-
813 444 872 470 Lib.
892 444 927 475 ll,
945 452 1000 469 cur.
1016 448 1039 469 5.
1077 444 1237 476 Ercmplar,
1267 443 1336 476 quod
1360 443 1449 475 Posse,
1473 444 1488 468 l.
1507 451 1528 469 c.
1547 443 1635 476 edidit!
1655 452 1715 470 ειιηι
1735 444 1854 477 Reyest'is
1872 453 1931 470 eon—

287 489 347 513 tulit
368 488 393 513 V.
411 488 447 513 CI.
462 489 582 514 Illonaei.

389 531 475 563 Posse,
495 532 509 557 l.
525 540 544 556 c.
556 540 583 563 p.
601 534 650 563 139,
672 539 697 555 n.
713 534 771 557 115:
790 529 895 555 BFW,
915 533 983 556 9675.

300 627 340 661 O.
370 628 517 662 Sancti
550 628 741 663 Adriani
775 628 975 662 diacono
1005 627 1260 669 cardinali,
1295 627 1557 670 apostolice
1592 626 1719 661 sedis
1754 627 1920 671 legato.

391 693 426 723 In
456 695 585 734 negotio
617 695 759 735 imperii,
794 695 824 724 in
858 705 920 734 quo
952 694 1110 724 carissimi
1146 694 1177 723 in
1203 693 1332 723 Christo
1365 693 1419 723 filii
1450 693 1551 723 nostri
1577 693 1615 724 A.
1641 703 1698 723 rex
1723 692 1865 723 Castelle
1897 704 1933 724 ae

287 744 440 784 Legionis
476 745 608 776 illustris
642 750 674 776 et
699 745 877 776 Riccardus
908 746 938 775 in
968 745 1190 775 Romanorum
1223 755 1332 785 regem
1363 744 1457 775 electi
1488 745 1536 775 ius
1567 745 1627 775 sibi
1658 755 1716 785 per
1746 745 1931 782 electiones,

287 806 366 836 quas
392 796 430 826 de
454 807 487 827 se
513 798 694 827 celebratas
719 801 878 835 asserunt,
904 796 1095 830 vendicant,
1121 807 1140 826 a
1163 796 1266 826 felicis
1291 796 1525 826 recordationis
1548 796 1682 827 Urbano
1708 807 1792 837 papa
1815 796 1929 838 prede-

287 858 416 878 cessore
441 852 550 879 nostro
576 849 694 879 dudum
721 849 779 879 sub
805 853 893 879 certa
916 849 1020 879 forma
1044 848 1154 878 citatio
1179 848 1356 883 emanavit,
1383 851 1417 878 ut
1442 847 1538 878 iidem
1564 848 1660 878 electi
1685 858 1793 878 coram
1819 848 1933 878 eodem

286 899 518 939 predecessore
554 912 610 942 per
645 904 872 942 procuratores
903 900 1037 931 idoneos
1073 904 1161 930 certo
1195 900 1332 930 termino
1365 903 1600 940 comparerent.
1649 898 1690 929 Et
1719 899 1869 930 demuml
1902 901 1934 930 in

287 950 470 981 huiusmodi
501 953 637 982 termino
663 952 859 982 venerabilis
889 952 990 982 frater
1015 956 1124 982 noster
1148 951 1305 981 Martinus
1330 950 1544 991 Legionensis
1570 951 1743 992 episcopus
1769 955 1801 981 et
1825 951 1934 982 dilecti

286 1002 342 1031 filii
376 1003 519 1043 magistri
552 1003 714 1034 Iohannes
746 1004 875 1034 Alfonsi
905 1003 1095 1044 capellanus
1128 1007 1253 1039 noster,
1288 1002 1534 1033 archidiaconus
1567 1002 1866 1043 Compostellanus,
1902 1007 1933 1033 et

287 1052 445 1083 Radulfus
471 1054 509 1084 de
534 1055 635 1085 Podio
662 1056 789 1091 Bonizi,
821 1059 1045 1096 comparentes
1077 1065 1185 1085 coram
1218 1054 1448 1096 predecessore
1479 1055 1547 1095 ipso
1572 1064 1628 1095 pro
1653 1055 1818 1084 nominato
1844 1065 1930 1095 rege,

286 1114 304 1133 a
322 1115 383 1144 quo
408 1116 506 1146 super
530 1106 589 1136 hoc
615 1107 780 1137 sufficiens
805 1107 992 1137 mandatum
1019 1106 1191 1142 habebant,
1217 1107 1300 1136 inter
1325 1106 1388 1136 alia
1413 1107 1577 1146 petierunt
1601 1106 1740 1137 eundem
1765 1117 1876 1147 regem
1894 1106 1934 1137 ad

287 1157 527 1197 suscipiendum
566 1158 604 1188 dc
635 1159 736 1199 ipsius
769 1157 1009 1199 predecessoris
1040 1158 1188 1188 manibus
1225 1158 1346 1198 imperii
1373 1157 1524 1187 diadema
1548 1158 1656 1188 vocari
1682 1161 1713 1188 et
1737 1158 1828 1189 iuxta
1852 1159 1932 1200 peti-

286 1207 389 1237 tiones
414 1209 494 1239 alias
520 1213 683 1250 porrectas
710 1210 749 1240 ab
774 1210 853 1251 ipsis
878 1214 910 1240 et
934 1214 1010 1240 tunc
1036 1210 1066 1240 in
1091 1209 1269 1240 eorundem
1287 1209 1529 1250 predecessoris
1555 1213 1587 1239 et
1611 1210 1744 1240 fratrum
1769 1210 1934 1251 presentia

287 1260 441 1300 repetitas
467 1261 497 1290 in
523 1261 654 1302 negotio
680 1261 825 1302 predicto
850 1261 998 1302 procedi,
1035 1261 1171 1292 adverse
1204 1262 1305 1302 partis
1337 1261 1487 1292 absentia
1519 1270 1583 1291 non
1607 1261 1765 1293 obstante.
1812 1261 1933 1292 Verum

286 1310 395 1341 dilecti
430 1312 485 1342 filii
521 1313 676 1352 magister
706 1312 900 1343 Guillelmus
931 1312 1093 1343 Roffensis
1129 1312 1376 1343 archidiaconus
1414 1316 1445 1342 et
1476 1312 1671 1343 Guillelmus
1706 1312 1745 1343 de
1776 1312 1931 1344 Col-neria

286 1363 443 1403 capellani
469 1364 570 1393 nostri
595 1375 631 1394 ac
657 1364 821 1394 Robertus
846 1364 885 1394 de
909 1364 1002 1399 Baro,
1028 1365 1080 1405 qui
1106 1364 1185 1394 alias
1210 1375 1266 1405 pro
1292 1364 1406 1394 eodem
1432 1364 1535 1394 electo
1560 1363 1744 1394 huiusmodi
1770 1365 1934 1404 negotium

286 1413 414 1443 fuerant
437 1416 612 1455 prosecuti,
638 1415 832 1456 quibusdam
858 1416 1011 1446 exhibitis
1035 1426 1092 1456 pro
1118 1416 1188 1457 ipso
1213 1416 1427 1446 excusatoriis
1452 1415 1569 1446 litteris
1587 1415 1732 1446 eiusdem
1758 1415 1852 1446 electi
1877 1415 1933 1445 ab-

286 1466 432 1501 sentiam,
457 1467 547 1497 cuius
567 1478 688 1503 causas,
712 1468 927 1498 turbationem
946 1467 1098 1498 videlicet
1117 1468 1207 1507 regni
1230 1468 1344 1507 Anglic
1362 1478 1398 1497 ac
1417 1467 1507 1503 alias,
1525 1466 1676 1497 dicebaut
1693 1478 1764 1498 esse
1782 1468 1934 1504 notorias,

286 1521 482 1548 excusantes
511 1518 699 1559 allegabant
730 1519 930 1549 multimodis
962 1530 1000 1549 eo
1030 1519 1165 1549 absente
1193 1530 1230 1550 ac
1261 1519 1370 1549 taliter
1401 1518 1556 1560 impedito
1588 1528 1651 1548 non
1682 1529 1754 1549 esse
1786 1519 1817 1549 in
1850 1519 1934 1549 dicto

286 1570 414 1609 negotio
440 1570 691 1610 procedendum.
739 1571 909 1601 Predictus
936 1575 1044 1601 autem
1072 1570 1300 1612 predecessor,
1338 1570 1398 1600 hiis
1424 1574 1456 1600 et
1480 1570 1567 1605 aliis,
1606 1580 1666 1611 que
1696 1570 1825 1601 fuerunt
1857 1571 1931 1601 hine

286 1620 358 1650 inde
375 1622 550 1661 proposita,
577 1622 703 1662 plenius
722 1623 896 1652 intellectis
915 1626 947 1653 et
965 1632 1035 1652 cum
1054 1622 1209 1663 predictis
1229 1621 1382 1652 fratribus
1400 1622 1497 1663 plena
1515 1621 1750 1652 deliberatione
1768 1622 1934 1657 discussis,

287 1670 479 1702 deliberavit
509 1683 580 1702 cum
607 1673 729 1703 eisdem
754 1673 908 1703 fratribus
934 1677 1009 1704 tunc
1035 1674 1066 1703 in
1098 1673 1183 1704 dicto
1209 1673 1339 1713 negotio
1370 1683 1558 1713 processum
1588 1683 1697 1709 suum,
1735 1683 1797 1714 quo
1829 1673 1868 1703 ad
1897 1683 1935 1703 ca

287 1732 347 1762 quc
379 1724 539 1763 premissa
575 1725 684 1754 citatio
719 1725 920 1758 continebat,
957 1736 998 1755 ex
1022 1717 1188 1766 premissis
1226 1728 1257 1755 et
1290 1725 1362 1755 aliis
1396 1725 1488 1755 iustis
1522 1725 1628 1755 causis
1662 1728 1693 1755 et
1729 1725 1933 1755 evidentibus

287 1775 538 1805 sustinendum&
586 1775 626 1805 Et
659 1776 729 1806 ideo
760 1776 884 1806 iuribus
916 1777 1056 1817 partium
1087 1781 1118 1807 et
1143 1777 1213 1818 ipso
1239 1777 1370 1817 negotio
1396 1777 1426 1806 in
1452 1776 1601 1807 omnibus
1627 1780 1659 1807 et
1683 1787 1741 1817 per
1766 1777 1872 1806 omnia
1903 1777 1933 1806 in

288 1835 325 1855 eo
352 1830 437 1856 statu
462 1827 491 1856 in
517 1837 578 1868 quo
604 1831 678 1857 tunc
704 1832 797 1858 erant
822 1829 949 1858 omnino
975 1828 1190 1867 manentibus,
1218 1829 1387 1859 terminum
1412 1838 1514 1868 usque
1539 1827 1579 1858 ad
1603 1838 1722 1858 annum
1742 1830 1932 1869 computan-

287 1876 360 1907 dum
387 1889 404 1907 a
429 1878 512 1909 festo
538 1879 624 1909 beati
650 1879 781 1910 Andree
807 1880 944 1920 apostoli
969 1883 1044 1910 tunc
1070 1884 1205 1911 venturo
1230 1879 1398 1921 proximo2
1423 1880 1618 1920 prorogavit.

392 1928 432 1959 Et
456 1930 531 1959 licet
556 1930 586 1960 in
612 1931 748 1961 termino
779 1932 848 1972 ipso
879 1942 936 1972 per
968 1931 1105 1962 eundem
1135 1931 1400 1972 predecessorem
1429 1931 1538 1961 taliter
1567 1934 1741 1972 prorogato
1772 1934 1804 1961 et
1836 1931 1933 1961 etiam

288 1984 357 2021 post
381 1981 484 2021 ipsum
510 1983 692 2012 nominatus
714 1984 871 2023 magister
887 1983 1048 2013 Radulfus
1074 1984 1227 2018 notarius,
1253 1983 1383 2013 nuntius
1408 1986 1440 2013 ct
1464 1986 1652 2023 procurator
1676 1982 1760 2022 regis
1786 1982 1933 2022 predicti,

289 2033 504 2072 comparuerit
530 2043 636 2063 coram
659 2034 768 2070 nobis,
793 2039 907 2075 petens
932 2035 1107 2071 instanter,
1137 2035 1220 2065 sieut
1245 2039 1277 2065 et
1301 2035 1381 2065 alias
1406 2035 1562 2075 petierat,
1587 2044 1644 2075 per
1667 2044 1722 2064 nos
1746 2035 1777 2064 in
1802 2034 1933 2074 negotio

288 2082 355 2123 ipso
382 2084 521 2124 procedi,
548 2095 605 2115 nos
630 2089 748 2121 tamen,
775 2086 965 2127 diligentius
991 2086 1205 2124 attendentes,
1231 2086 1315 2128 quod
1342 2086 1401 2116 etsi
1426 2086 1536 2116 finitus
1562 2089 1649 2116 esset
1673 2096 1691 2115 a
1716 2085 1798 2116 dicto
1816 2085 1931 2126 prede-

288 2145 416 2165 cessore
441 2135 543 2165 omnis
569 2147 720 2167 numerus
745 2137 940 2175 edictorum,
974 2138 1092 2176 decens
1118 2142 1224 2168 tamen
1250 2141 1300 2168 est
1329 2141 1361 2168 et
1388 2138 1448 2167 iuri
1478 2138 1690 2173 consonumss,
1721 2137 1806 2178 quod
1837 2148 1933 2168 unum

289 2186 402 2216 saltem
427 2197 445 2216 a
469 2187 561 2217 nobis
593 2192 722 2219 emanet
747 2189 902 2225 edictum,
927 2190 1127 2230 providimus
1158 2200 1219 2220 non
1250 2200 1322 2220 esse
1355 2189 1394 2219 ad
1425 2199 1559 2230 presens
1589 2189 1620 2219 in
1653 2190 1777 2230 prefato
1803 2189 1933 2230 negotio

288 2237 537 2277 procedendum,
563 2239 706 2280 illudque
732 2251 835 2281 usque
860 2241 900 2271 ad
925 2241 1010 2271 diem
1028 2241 1168 2272 Veneris
1192 2244 1265 2282 post
1288 2242 1406 2271 festum
1432 2240 1616 2282 epyphanie
1635 2240 1763 2271 Domini
1788 2241 1932 2282 proximo

290 2292 458 2319 venturum
483 2290 668 2321 immediate
694 2293 907 2332 sequentem4
926 2292 1153 2334 suspendimus
1178 2303 1215 2322 ac
1239 2292 1392 2333 predictis
1418 2292 1530 2322 electis
1556 2291 1641 2322 diem
1659 2293 1763 2333 ipsam
1781 2291 1932 2322 duximus

288 2339 377 2369 iuxta
402 2342 613 2382 prescriptum
639 2343 784 2378 modum,
815 2345 846 2373 in
870 2344 1098 2385 prorogatione
1131 2344 1207 2374 dicti
1239 2344 1365 2374 termini
1395 2354 1453 2384 per
1476 2343 1634 2384 prefatum
1661 2343 1927 2385 predecessorem

289 2395 322 2419 ut
345 2391 518 2430 predicitur
543 2393 627 2423 facta
652 2398 848 2430 cmitcutum,
873 2405 929 2436 pro
948 2396 1164 2436 peremptorio
1182 2396 1318 2425 termino
1336 2394 1576 2435 assignandam.
1617 2395 1778 2430 Quocirca
1797 2395 1930 2426 manda-

391 2524 414 2545 ²¹)
437 2520 452 2544 ἱ,
466 2529 486 2544 «ἢ,
500 2522 716 2552 suspendendum,
736 2532 756 2547 r.
772 2524 843 2555 iufra
862 2528 884 2548 et
901 2533 925 2556 χι.
942 2526 998 2554 624,
1016 2529 1066 2548 aot.
1079 2525 1099 2548 b.

394 2596 418 2623 l)
439 2596 480 2626 (γ’.
496 2605 518 2621 n.
533 2601 584 2621 15:51.
667 2600 692 2623 2)
714 2599 747 2623 A.
767 2602 836 2627 1265.
856 2599 923 2624 Nor.
939 2602 979 2624 30.
1067 2601 1094 2627 3)
1117 2599 1252 2625 Risum-dns
1270 2609 1295 2625 ιι.
1311 2604 1377 2629 1265,
1398 2600 1464 2632 Sept.
1477 2604 1492 2625 (ἰ
1511 2600 1614 2626 demum
1634 2608 1666 2626 απτ
1685 2601 1835 2633 captivitate
1855 2601 1930 2626 Imro-

288 2644 351 2661 vura
371 2638 482 2669 sin-qliae
501 2639 625 2663 [ihm-ains
644 2643 712 2667 cml:
738 2641 799 2667 BF.
813 2644 902 2674 5433y.
940 2643 975 2668 A.
994 2646 1052 2668 1265
1072 2645 1184 2676 {empore
1212 2651 1288 2667 sermo
1313 2642 1427 2668 Clemens
1447 2644 1593 2675 Alfonsum
1613 2644 1738 2669 inducere
1763 2644 1879 2675 studuit,
1903 2647 1931 2669 ut

289 2680 392 2711 ΝΓῙΙΟΗΙἹ
407 2680 506 2712 smlwrii
521 2683 675 2714 1¹stsislnaetrt'l:
692 2685 823 2716 «volitabat
838 2684 875 2708 ‘171‘
888 2686 961 2710 tri-lio
974 2685 1009 2710 ml
1021 2686 1208 2711 cscnllatiomm
1220 2685 1282 2717 sidri
1296 2686 1480 2718 assaemwutln‘;
1501 2686 1620 2712 Puttlmst
1638 2691 1724 2714 191705
1741 2687 1798 2712 BF
1805 2687 1842 2712 IV,
1858 2691 1927 2712 9521),

288 2722 313 2747 *li
338 2723 367 2747 sl.
387 2727 454 2755 1:367,
477 2724 538 2749 Ia».
556 2729 573 2750 7.

1985 812 2008 830 10

1986 1069 2008 1086 15

1984 1326 2009 1344 20

1987 1843 2011 1861 30

1981 2361 2006 2379 40

1982 2696 2006 2714 45
