2106 2979
64 646 87 663 10

65 903 87 921 15

65 1167 89 1185 'lo

66 1682 90 1698 :m

67 1939 91 1956 :55

69 2199 93 2216 *to

700 86 900 112 EPJSTOLAE
921 85 1111 112 SELECTAE.
1152 86 1223 112 1262.
1720 87 1781 116 489

137 175 264 205 salubre
290 174 453 215 negotium
470 174 661 215 promoveri.
679 173 807 204 demum
825 177 917 204 tenor
938 173 1114 203 litterarum
1130 173 1232 203 felicis
1252 171 1484 203 recordationis
1503 173 1540 203 A.
1559 184 1641 214 pape
1665 172 1780 214 prede-

137 227 274 257 cessoris
305 226 405 257 nostri
436 226 554 256 nostris
588 237 623 256 se
655 225 819 255 obtutibus
854 224 1006 257 obtulit¹;
1042 235 1100 265 per
1135 235 1227 265 quem
1264 225 1373 265 utique
1406 228 1550 255 tenorem
1583 224 1673 255 nobis
1706 235 1781 254 con-

139 279 219 308 stitit
242 277 422 316 evidenter7
453 277 537 319 quod
562 277 645 308 idem
671 276 881 318 predecessor
905 294 943 297 —
969 276 1135 306 intellecto
1160 275 1243 316 quod
1277 275 1418 306 instabat
1443 280 1518 306 tunc
1543 280 1670 317 tempus
1696 276 1781 306 clec-

138 329 233 360 tionis
258 329 451 360 celebrande
477 329 515 360 (le
547 340 622 370 rege
648 329 865 359 Romanorum
896 328 926 358 in
951 328 1179 369 imperatorem
1208 327 1414 368 postmodum
1440 327 1675 368 promovendo.
1705 338 1781 357 con-

140 381 285 411 siderans
309 380 393 422 quod
418 391 515 422 super
544 380 603 411 hoe
628 383 716 411 tanto
742 379 931 421 propensior
955 378 1139 410 adhibenda
1163 382 1232 409 erat
1256 378 1423 419 diligentia
1447 382 1478 409 et
1502 379 1639 413 cautela.
1664 381 1783 420 quanto

137 433 231 463 altius
255 435 287 463 et
310 432 472 463 difficilius
497 435 566 463 erat
589 432 769 473 negotium,
800 431 884 472 quod
909 431 939 461 in
964 431 1022 461 hac
1040 434 1130 472 parte
1155 433 1230 461 tunc
1255 430 1410 471 temporis
1436 431 1621 471 gerebatur.
1647 433 1781 472 quanto-

140 495 200 525 que
218 495 280 522 res,
300 485 325 514 si
347 484 456 524 aliqua
473 484 503 514 in
523 495 562 514 ea
581 484 791 520 interveniret
808 483 1008 523 negligentia
1025 493 1082 513 seu
1099 481 1346 523 improvidentia
1363 482 1412 511 vel
1435 481 1571 513 desidia.
1593 482 1784 512 deteriorem

140 535 260 567 habere
284 538 394 577 posset
418 536 568 566 effectum
594 538 625 566 et
649 535 771 565 exitum
795 534 988 575 graviorem.
1013 544 1154 575 pensans
1179 534 1276 564 ctiam
1302 533 1386 574 quod
1411 533 1460 563 hic
1487 537 1555 564 erat
1573 533 1785 564 vehementer

139 587 352 628 vigilandum.
384 587 436 617 hie
467 587 697 628 perspicaciter
729 585 936 620 intuendum.
974 586 1024 616 hic
1054 584 1320 616 considerandum
1353 585 1543 626 prudenter.
1577 585 1627 615 hic
1660 588 1783 615 mature

138 638 394 675 deliberandum,
420 638 470 669 hic
494 638 627 680 provide
653 637 902 679 precavendum.
928 637 978 668 hie
1005 640 1096 668 erant
1121 636 1289 678 aperiendi
1315 637 1410 674 oculi7
1443 637 1492 667 hic
1518 636 1666 667 habende
1692 647 1785 666 aures

139 690 273 727 intente.
298 690 349 720 hic
375 701 465 721 mens
491 701 564 721 esse
583 689 723 720 debebat
748 701 809 720 non
835 689 920 720 rudis
946 692 977 720 et
995 689 1131 730 torpida,
1156 688 1213 719 sed
1238 688 1387 730 diligens.
1412 689 1547 730 pervigil
1574 692 1605 719 et
1630 688 1785 719 consulta.

142 741 196 772 ubi
221 741 260 772 (le
285 741 442 772 advocato
465 742 622 783 agebatur
647 741 784 772 ecclesie
809 745 841 772 ct
865 741 904 772 de
930 740 1100 771 defensore
1126 740 1326 771 tractabatur
1350 740 1459 781 ipsius.
1485 751 1524 770 ne
1550 751 1606 781 pro
1631 739 1787 770 advocato

141 793 346 834 impugnator
369 797 401 824 et
424 805 480 835 pro
505 793 675 824 defensore
700 796 922 823 assumeretur
938 793 988 823 vel
1014 793 1191 833 eligeretur
1212 792 1363 825 offensor.
1388 795 1519 833 propter
1539 791 1623 832 quod
1646 791 1786 831 undiquc

140 855 262 875 summe
288 845 491 885 cogitationis
517 848 585 875 erat
615 845 700 875 acies
731 844 925 886 perferenda
950 848 980 874 et
1012 845 1264 885 circumquaque
1297 843 1444 873 districta
1473 842 1706 884 explorandum
1739 842 1785 871 in-

140 896 272 937 dagine.
302 901 335 926 ut
360 897 433 927 talis
459 901 653 938 cooperante
679 897 817 926 Domino
849 896 1068 938 repperiretur
1091 899 1122 926 et
1151 896 1342 936 eligeretur.
1372 896 1425 936 qui
1456 894 1561 925 fidelis
1595 898 1627 925 ct
1649 894 1786 925 devotus

141 948 295 979 existeret
325 952 356 978 et
389 948 427 979 dc
461 949 614 990 prosapia
644 948 835 989 procederet
866 948 1055 978 devotorum
1085 959 1121 978 ac
1154 947 1289 978 idoneus
1315 950 1346 977 ct
1379 947 1543 977 sufficiens
1580 948 1788 987 reputaretur

141 1000 253 1030 merito
272 999 310 1030 ad
330 1000 539 1031 obtinendum
558 1000 637 1030 tanti
656 1000 785 1031 honoris
804 1000 930 1030 culmen
949 1003 981 1029 et
999 999 1124 1040 imperii
1144 999 1288 1039 regimen
1307 998 1536 1033 exercendum.
1555 1017 1592 1020 —
1620 998 1703 1028 bone
1722 1008 1787 1027 me-

141 1051 239 1082 morie
265 1051 510 1093 archiepiseopo
533 1051 724 1092 Maguntino
750 1051 972 1092 predecessori
997 1054 1051 1081 tuo
1078 1062 1134 1092 per
1158 1050 1343 1080 huiusmodi
1370 1050 1521 1091 exposuit
1544 1050 1678 1081 litteras.
1704 1048 1788 1089 quod

143 1106 257 1144 patens
283 1106 352 1133 crat
377 1106 409 1133 ct
434 1104 598 1144 cognitum
622 1104 681 1133 toti
707 1103 792 1141 orbi.
824 1103 964 1144 qualiter
987 1102 1148 1143 quondam
1174 1102 1360 1132 Fridericus
1386 1102 1459 1132 olim
1485 1102 1704 1132 Romanorum
1731 1101 1789 1129 im-

142 1158 272 1196 perator
297 1155 431 1196 eiusque
450 1155 673 1196 progenitores
699 1159 730 1185 et
755 1155 874 1196 posteri
901 1165 975 1195 erga
994 1157 1129 1184 matrem
1149 1154 1321 1183 eeclesiam
1349 1165 1383 1183 se
1409 1154 1581 1194 gesserint.
1607 1156 1638 1183 et
1663 1152 1788 1192 qualem

141 1206 170 1237 ei
196 1207 437 1238 retributionem
467 1206 506 1236 de
539 1207 703 1237 beneficiis
728 1207 767 1237 ab
794 1207 863 1248 ipsa
888 1206 1049 1247 perceptis
1075 1205 1290 1247 impenderint
1314 1207 1381 1235 ‹41:st
1406 1216 1515 1244 nsque:
1546 1207 1695 1235 nosceret
1720 1203 1788 1233 vin-

143 1258 213 1289 culo
239 1259 585 1289 excommunicationis
611 1259 788 1289 astrictum.

244 1310 311 1340 Nos
336 1310 442 1351 igitur.
468 1310 672 1341 attendentes
697 1310 781 1352 quod
798 1310 882 1340 idem
901 1309 1091 1340 Alexander
1108 1309 1322 1351 predecessor
1341 1312 1449 1339 noster
1472 1307 1511 1339 ad
1536 1307 1693 1349 premissa
1718 1317 1789 1336 eum

143 1361 228 1392 omni
260 1362 475 1403 providentia.
509 1363 813 1404 circumspectione.
845 1362 1041 1392 attentione.
1075 1362 1259 1392 maturitate
1290 1372 1326 1391 ae
1358 1360 1592 1391 deliberatione
1623 1358 1790 1399 processit.

143 1425 179 1444 ae
198 1413 404 1454 providentes
423 1415 576 1456 pericula.
602 1425 664 1455 que
682 1418 860 1445 memorate
877 1413 1022 1444 Romane
1041 1414 1246 1443 imminerent
1269 1413 1418 1449 ecclesie.
1445 1412 1470 1441 si
1495 1411 1598 1441 dictus
1621 1409 1790 1440 Uonradus

143 1476 223 1506 puer
247 1466 311 1496 11110
336 1476 486 1507 umquam
513 1470 656 1507 tempore
682 1469 904 1496 assumeretur
928 1465 967 1495 ad
993 1465 1174 1495 huiusmodi
1199 1465 1319 1505 regiam
1346 1464 1395 1494 vel
1421 1462 1659 1504 imperatoriam
1686 1461 1788 1499 digni-

143 1521 257 1553 tatem.
296 1520 327 1549 ct
364 1518 532 1559 cupientes
569 1518 687 1548 talibus
726 1518 877 1559 periculis
908 1517 1089 1558 apostolica
1133 1517 1349 1547 sollieitudine
1382 1526 1571 1557 precavere.
1608 1512 1789 1544 huiusmodi

143 1569 287 1600 eiusdem
312 1569 490 1600 Alexandri
516 1569 756 1611 predecessoris
787 1569 886 1599 nostri
916 1579 1101 1610 processum
1132 1568 1172 1599 de
1203 1569 1337 1598 fratrum
1369 1571 1549 1598 nostrorum
1584 1565 1719 1596 consilio
1749 1576 1788 1594 ex

143 1624 230 1652 certa
248 1622 382 1652 scicntia
401 1622 596 1652 ratificamus
622 1625 653 1651 ct
671 1621 886 1663 approbamus
909 1631 945 1651 ac
968 1620 1159 1650 auctoritate
1179 1620 1357 1661 apostolica
1380 1619 1616 1649 continuamus.
1656 1616 1790 1652 Verum,

143 1674 217 1714 quia
241 1673 345 1704 dietus
370 1673 585 1714 predecessor
609 1677 682 1703 tuus
709 1673 747 1703 de
778 1672 883 1702 earnis
914 1672 1078 1713 ergastulo
1110 1672 1259 1712 migravit
1288 1675 1322 1701 ut
1348 1681 1516 1712 speramus
1541 1669 1581 1700 ad
1606 1669 1789 1705 Dominum,

144 1735 211 1757 nos.
237 1724 421 1755 dubitantes
446 1736 485 1756 ne
511 1728 553 1756 tu.
579 1725 630 1766 qui
658 1724 763 1755 eidem
789 1728 853 1754 tam
880 1724 909 1754 in
935 1723 1055 1753 honore
1079 1734 1175 1764 quam
1200 1724 1230 1753 iu
1256 1733 1352 1753 onere
1379 1722 1574 1757 successisti.
1606 1719 1790 1751 huiusmodi

144 1787 317 1817 processus
352 1777 472 1807 inscius
503 1781 534 1807 et
567 1777 698 1817 ignarus
724 1777 861 1807 existas.
894 1786 1082 1817 processum
1116 1775 1218 1816 ipsum
1251 1775 1282 1805 in
1308 1784 1480 1815 personam
1516 1776 1603 1803 tuam
1639 1772 1790 1802 duximus

145 1828 371 1859 innovandum.
425 1828 566 1869 Ideoque
597 1829 831 1858 fraternitatem
864 1831 950 1858 tuam
982 1837 1167 1858 monemus.
1204 1837 1356 1867 rogamus
1387 1830 1418 1856 et
1456 1826 1622 1855 hortamur
1658 1826 1790 1859 attente,

144 1891 202 1921 per
226 1881 405 1921 apostolica
430 1880 487 1911 tibi
513 1881 631 1921 scripta
657 1881 685 1910 in
712 1881 829 1910 virtute
855 1878 1039 1909 obedientie
1070 1882 1101 1908 et
1126 1878 1184 1908 sub
1210 1878 1319 1908 debito
1345 1877 1522 1909 fidelitatis.
1556 1887 1617 1917 quo
1642 1875 1734 1905 nobis
1760 1877 1791 1905 et

144 1931 282 1962 ecclesie
306 1931 452 1962 Romane
478 1933 614 1964 teneris.
645 1943 682 1962 ac
717 1932 775 1962 sub
806 1942 890 1972 pena
915 1930 1276 1967 excommunicationis‚
1308 1940 1402 1970 quam
1429 1940 1469 1960 ex
1494 1939 1578 1959 nunc
1604 1928 1635 1958 in
1661 1930 1692 1958 tc
1718 1937 1789 1968 pro-

146 1984 292 2016 serimus.
335 1983 480 2014 districtc
516 1983 724 2025 precipiendo
761 1983 969 2015 mandantes.
1007 1982 1156 2022 quatinus
1191 1984 1404 2012 memoratum
1437 1980 1620 2011 Conradum
1656 1989 1790 2020 puerum

146 2035 232 2065 nullo
257 2045 409 2076 umquam
434 2039 580 2077 tempore
604 2036 635 2065 in
660 2046 769 2076 regem
796 2035 896 2075 eligas
922 2045 980 2064 nec
1004 2034 1147 2064 nomines
1172 2044 1276 2073 neque
1302 2033 1487 2063 consentias
1512 2033 1542 2062 in
1568 2031 1717 2063 eundem.
1748 2031 1793 2060 ita

146 2087 229 2128 quod
261 2088 559 2118 excommunicatus
590 2088 725 2118 existas.
766 2087 792 2117 si
824 2089 936 2117 eontra
970 2085 1155 2116 mandatum
1181 2088 1324 2115 nostrum
1354 2084 1460 2115 facere
1490 2084 1541 2114 vel
1574 2083 1686 2113 venire
1717 2093 1789 2123 pre-

146 2139 322 2180 sumpseris
347 2143 379 2169 et
403 2139 540 2170 eundem
559 2139 743 2170 Conradum
769 2138 986 2169 nominaveris
1004 2138 1054 2168 vel
1080 2137 1215 2178 elegeris
1240 2140 1295 2166 aut
1319 2137 1351 2166 in
1377 2136 1482 2177 ipsum
1508 2134 1712 2165 consenseris
1737 2144 1792 2163 seu

146 2201 240 2232 opem
257 2191 306 2221 vel
331 2201 473 2232 operam.
499 2192 676 2223 consilium.
701 2191 857 2221 auxilium
879 2190 929 2220 vel
948 2190 1101 2225 favorem.
1127 2192 1161 2219 ut
1182 2188 1329 2229 eligatur.
1354 2187 1561 2229 impenderis.
1587 2190 1618 2216 et
1643 2186 1739 2216 etiam
1766 2185 1791 2215 si

147 2242 214 2272 eius
235 2243 489 2273 nominationem
507 2247 539 2274 et
556 2243 750 2273 electionem
768 2253 830 2273 11011
848 2241 1055 2283 impedireris
1072 2243 1141 2271 toto
1160 2250 1265 2282 posse.
1291 2239 1345 2270 ue·
1364 2240 1390 2270 si
1415 2238 1454 2269 ad
1473 2239 1573 2279 ipsius
1599 2237 1790 2268 electionem

146 2293 196 2324 vel
222 2294 473 2324 nominationem
499 2295 606 2335 aliquo
630 2298 776 2335 tempore
806 2294 887 2324 forte
913 2292 1129 2334 processeris.
1162 2292 1244 2322 scias
1276 2294 1308 2322 te
1333 2291 1422 2332 prius
1455 2289 1793 2321 excommunicatione

147 2345 292 2386 ligatum.
332 2345 412 2375 Aliis
429 2356 505 2376 vero
530 2345 727 2387 principibus
752 2345 984 2375 coelectoribus
1011 2344 1084 2374 tuis.
1112 2347 1176 2373 tam
1203 2342 1436 2373 ecclesiasticis
1461 2352 1555 2382 quam
1580 2340 1793 2371 secularibus.

147 2397 339 2427 auctoritate
372 2400 484 2427 nostra
514 2397 648 2427 tirmiter
675 2397 841 2431 inhibeas.
878 2407 918 2426 ne
944 2396 1049 2437 ipsum
1081 2395 1122 2426 ad
1153 2395 1211 2425 hoc
1242 2395 1407 2424 nominent
1432 2393 1482 2424 vel
1513 2393 1636 2433 eligant
1671 2402 1730 2422 nce
1762 2392 1792 2421 in

147 2458 220 2478 cum
246 2449 460 2480 consentiant.
486 2448 719 2489 promulgando
745 2447 857 2478 eadem
876 2447 1070 2478 auctoritate
1098 2447 1128 2476 in
1155 2457 1210 2477 eos
1228 2445 1569 2476 exeommunicationis
1588 2443 1793 2475 sententiam.

147 2500 173 2530 si
199 2503 311 2531 contra
336 2500 416 2530 hanc
443 2504 530 2530 tuam
548 2500 773 2530 inhibitionem
791 2500 898 2530 venire
922 2499 1164 2540 temptaverint.
1192 2498 1287 2528 immo
1313 2500 1464 2532 nostram.
1490 2497 1534 2526 ita
1559 2495 1644 2537 quod
1669 2495 1695 2526 si
1721 2505 1793 2526 cum

252 2646 276 2677 a)
295 2647 442 2678 sequitui-p.
456 2649 514 2677 396,
533 2647 575 2670 lin.
590 2647 623 2670 37
638 2654 715 2677 usquc
734 2646 760 2669 ιίι
775 2648 866 2677 sinent,
884 2645 963 2670 verbis
982 2649 1147 2677 competenter
1166 2644 1274 2669 ululatio:
1346 2643 1370 2673 ¹¹)
1389 2647 1434 2668 aut
1449 2643 1489 2671 R.,·
1502 2645 1534 2675 ef.
1547 2652 1585 2675 (Ἰ).
1600 2642 1795 2667 antecedentem.

254 2722 276 2748 1)
297 2721 333 2747 N.
347 2726 405 2747 440.

253 2774 313 2798 Rse.
325 2774 404 2800 Pom.
416 2776 460 2799 111.
1558 2772 1591 2796 ⁴52
