2106 2979
108 818 131 836 lu

107 1330 132 1350 20

109 1587 132 1605 25

108 1848 132 1865 ³0

109 2105 132 2124 3⁵

108 2440 132 2458 ⁴0

749 89 951 116 EPISTOLAE
970 90 1162 117 SELECTAE.
1202 91 1276 117 1268.
1768 94 1827 123 705

963 214 1048 249 677.

291 264 446 309 Clemens
469 279 492 309 I
496 279 525 309 V
534 289 618 318 papa
643 279 722 310 idem
742 280 812 320 fcrc
834 280 870 310 «lc
894 279 1114 318 Papicnsibns,
1134 280 1319 320 stratoribus
1346 280 1529 317 Gom-admi,
1550 281 1698 319 publicat..

1500 334 1591 369 1268,
1615 333 1695 372 Apr.
1713 334 1740 363 5.

286 389 361 414 Clcm.
376 390 422 414 IV
434 390 495 422 Rcy.
519 390 568 415 Vol.
583 391 605 421 L
625 394 690 421 ’.ιῠιη
708 389 766 415 Lib.
781 390 834 422 IV,
854 398 908 416 cm:
922 395 943 415 5.
982 391 1128 423 Epistulam
1147 399 1179 416 σω
1198 391 1315 424 Reyestis
1333 391 1467 423 descripsit
1485 391 1514 417 V.
1531 391 1568 417 Ol.
1582 391 1698 418 Nlonaci.

286 432 371 463 Posse,
392 433 407 458 l.
422 440 442 458 c.
454 442 481 465 p.
496 436 539 465 48,
558 442 585 458 n.
598 437 656 459 611:
678 432 782 458 BFW.
797 436 865 458 91391.

327 529 386 563 Ad
421 529 726 564 certitudinem
762 529 1031 574 presentium
1067 533 1108 564 et
1140 531 1391 566 memoriam
1425 531 1688 565 futurorum.

285 594 486 635 Frequenter
508 595 669 625 universis
693 594 812 625 Christi
837 595 987 626 fidelibus
1012 600 1072 626 otc.
1090 599 1125 625 ut
1149 596 1180 626 in
1206 596 1362 637 superiori
1388 596 1535 637 proxima
1559 606 1676 636 usque:
1703 596 1828 636 plenius

183 646 375 676 continetur.
1207 686 1214 690 ἡ

285 697 407 728 Verum
437 697 550 738 perfidi
582 697 773 738 Papienses7
808 708 940 738 quorum
975 708 1030 739 per
1059 698 1254 728 evidentiam
1286 698 1362 729 facti
1400 699 1517 729 eminet
1551 698 1709 729 offirmata
1739 698 1829 728 multi

182 749 338 791 temporis
369 749 562 779 assiduitate
596 749 744 790 perfidia.
780 750 990 787 monitiones,
1027 749 1252 787 inhibitiones,
1290 750 1557 781 comminationes
1588 753 1619 780 et
1651 749 1829 780 sententias

183 800 366 832 huiusmodi
401 804 684 841 contempnentes„
721 801 806 831 dicto
840 801 1022 831 omn-adino
1055 801 1199 831 favorem
1229 804 1260 832 et
1291 802 1371 832 alias
1405 806 1435 832 ct
1470 802 1608 832 maxime
1640 802 1671 832 in
1701 811 1757 831 suo
1790 800 1829 831 ad

166 852 349 884 'civitatem
374 852 568 893 Papiensem
594 852 735 883 adventu
760 864 823 883 non
849 853 952 883 solum
978 854 1017 883 ab
1043 854 1089 883 cis
1115 854 1243 883 solitum
1268 854 1496 894 prestiterunt.
1530 853 1626 883 immo
1650 853 1757 894 potius
1783 852 1829 882 illi

184 905 397 935 communiter
432 908 463 934 et
498 904 722 945 sollempniter
762 908 855 935 extra
891 915 982 934 suum
1018 905 1115 935 etiam
1152 905 1347 935 territorium
1387 908 1611 941 occurrentes,
1652 905 1756 945 ipsum
1797 907 1829 933 et

185 955 373 986 societatem
408 956 507 996 ipsius
542 966 641 996 usquc
670 955 709 986 ad
734 956 852 986 dictam
887 956 1049 986 civitatem
1076 955 1235 986 deducere
1261 959 1293 986 et
1317 956 1347 986 in
1372 956 1475 997 ipsam
1500 956 1601 996 regali
1625 965 1712 986 more
1737 955 1828 986 indu-

185 1008 280 1038 cerel
298 1007 408 1048 ibique
435 1011 555 1039 tenere.
581 1018 643 1038 non
669 1008 902 1038 erubescentes
927 1007 1062 1038 adorare
1088 1008 1218 1048 ydolum
1243 1011 1274 1038 et
1298 1008 1329 1038 in
1354 1007 1598 1038 similitudinem
1624 1007 1715 1037 vituli
1740 1017 1829 1037 suam

184 1059 318 1100 gloriam
350 1062 562 1089 commutare.
594 1060 624 1089 in
651 1060 748 1089 nimie
777 1060 970 1090 temeritatis
996 1062 1027 1089 et
1052 1059 1204 1100 superbie
1235 1059 1348 1100 spiritu
1382 1062 1664 1100 presumpserunt.
1699 1069 1828 1089 suorum

184 1111 410 1142 enormitatem
437 1121 629 1141 excessuum
653 1111 732 1141 alias
749 1121 789 1141 ex
806 1111 905 1141 variis
930 1111 1180 1141 circumstantiis
1198 1111 1420 1152 multipliciter
1443 1114 1674 1152 aggravantes:
1699 1114 1830 1152 propter

185 1162 268 1204 quod
293 1162 457 1192 civitaten]
483 1166 514 1192 et
539 1163 627 1193 cives
653 1163 793 1195 eosdem,
819 1173 899 1203 quos
925 1172 988 1192 non
1014 1165 1063 1191 est
1088 1161 1220 1192 dubium
1246 1173 1347 1203 penas
1373 1165 1512 1192 statutas
1537 1165 1568 1192 et
1593 1162 1675 1192 latas
1700 1162 1730 1192 in
1754 1162 1831 1192 dicti

186 1213 362 1244 Conradini
387 1214 531 1244 fautores
559 1214 738 1244 sententias
764 1214 953 1248 incurrisse.
989 1213 1218 1244 denuntiamus
1244 1213 1407 1244 interdicti
1431 1217 1462 1243 et
1486 1214 1831 1244 excommunicationis

185 1266 355 1296 sententiis
388 1265 575 1303 subiacere,
620 1276 656 1296 ac
692 1266 920 1296 nichilominus
954 1266 992 1296 de
1022 1276 1105 1295 novo
1136 1266 1166 1296 in
1198 1266 1285 1307 ipsos
1315 1275 1355 1295 ex
1385 1264 1539 1306 predictis
1572 1266 1677 1296 causis
1711 1265 1831 1295 similes

186 1317 364 1348 sententias
390 1317 640 1358 promulgamus.

322 1393 327 1398 .
359 1368 579 1410 potestatem²
612 1367 793 1410 {quoquo]¹¹.
829 1394 833 1398 .
862 1394 866 1399 .
905 1368 1128 1410 capitaneum,
1161 1368 1374 1400 consiliarios,
1409 1369 1564 1399 officiales
1598 1372 1630 1399 et
1664 1379 1831 1399 commune

184 1421 362 1462 Papienses
397 1424 428 1450 ct
462 1424 601 1451 ceteros.
637 1432 692 1461 per
724 1431 803 1461 quos
840 1419 952 1450 cadem
987 1420 1102 1450 civitas
1139 1420 1276 1461 regitur.
1315 1431 1499 1452 monemus,
1534 1420 1592 1451 hac
1628 1419 1831 1450 multitudine

185 1476 334 1514 presente
364 1471 520 1502 fidelium.
559 1479 592 1502 ut
622 1473 699 1502 int'ra
734 1482 831 1502 unuin
862 1482 1004 1502 mensem
1036 1471 1201 1501 humiliter
1231 1471 1270 1502 ad
1301 1475 1409 1502 nostra
1442 1476 1474 1502 et
1507 1472 1645 1502 ecclesio
1678 1471 1832 1502 mandata

185 1523 289 1554 redire
313 1527 493 1564 procurent.
534 1524 686 1564 Alioquin
710 1533 839 1554 exnunc
861 1534 972 1553 omncs
995 1526 1027 1553 et
1051 1523 1169 1563 singuli
1192 1523 1231 1553 de
1256 1524 1395 1564 ipsorum
1421 1524 1610 1564 episcopatu
1635 1526 1666 1553 ct
1684 1522 1831 1553 districtu

185 1586 203 1605 a
231 1575 425 1613 iuramento,
459 1586 520 1616 quo
547 1576 591 1605 eis
621 1576 704 1605 iure.
738 1574 971 1605 consuetudine
1003 1575 1052 1604 vel
1086 1585 1145 1604 usu
1177 1585 1366 1615 quocunque
1398 1578 1567 1611 tenentur,
1601 1585 1638 1605 eo
1668 1575 1738 1615 ipso
1769 1574 1832 1604 sint

184 1627 314 1668 penitus
349 1626 504 1659 absoluti.
545 1638 604 1657 ncc
644 1627 759 1667 aliquis
796 1626 835 1657 (le
872 1626 1001 1656 civitate
1038 1626 1088 1656 vel
1125 1625 1274 1656 districtu
1306 1625 1461 1666 predictis
1502 1626 1549 1656 eis
1591 1625 1744 1656 obediens
1780 1625 1831 1655 vel

184 1678 344 1709 adherens
374 1679 423 1709 vel
456 1679 538 1709 alius
573 1679 603 1709 in
634 1678 764 1709 civitate
796 1689 832 1708 ac
862 1677 1007 1708 districtu
1041 1677 1163 1708 eisdem
1196 1677 1300 1718 possit
1330 1677 1370 1707 ad
1400 1677 1609 1718 potesta1·ia1n
1642 1687 1698 1707 seu
1730 1676 1830 1718 quod-

185 1741 310 1771 cunque
335 1731 475 1761 osticium
501 1731 550 1761 vel
584 1730 738 1760 honorem
772 1730 907 1761 assumi.
939 1740 998 1760 nec
1031 1729 1101 1770 ipsa
1132 1729 1245 1759 civitas
1270 1720 1336 1759 vcl'
1352 1729 1421 1759 eius
1447 1729 1639 1759 universitas
1664 1731 1719 1758 aut
1744 1739 1831 1759 com-

186 1792 280 1812 mune
318 1793 374 1812 seu
408 1782 446 1812 ad
475 1783 581 1812 officia
610 1782 766 1822 assumpti
798 1781 905 1811 taliter
936 1781 1190 1811 iurisdictionem
1223 1791 1279 1811 seu
1308 1779 1536 1810 iurisdictionis
1566 1790 1659 1810 usum
1690 1779 1831 1810 habeant

186 1834 235 1864 vcl
269 1835 371 1874 ipsam
397 1835 526 1864 valeant
555 1833 799 1874 quomodolibet
829 1843 992 1863 exercerc.
1043 1832 1175 1862 Illorum
1206 1842 1331 1872 quoque
1361 1832 1523 1862 sententie
1556 1842 1681 1862 necnon
1712 1835 1743 1861 et
1767 1831 1831 1861 alia

185 1886 303 1922 omnia,
328 1896 389 1926 que
415 1895 471 1926 per
496 1885 583 1925 ipsos
608 1888 759 1926 pretextu
785 1884 963 1914 officiorum
989 1883 1170 1914 huiusmodi
1195 1887 1267 1914 acta
1284 1883 1334 1913 vel
1353 1886 1444 1924 gesta
1467 1883 1597 1915 fuerint.
1624 1882 1686 1913 sint
1711 1883 1829 1918 inania,

185 1948 276 1967 cassa
302 1940 333 1967 et
357 1937 445 1967 irrita
471 1940 501 1967 et
526 1937 610 1966 omni
637 1940 768 1967 careant
793 1936 906 1966 robore
931 1936 1099 1966 firmitatis.
1148 1935 1301 1966 Ceterum
1327 1934 1447 1965 eisdem
1472 1934 1691 1975 Papiensibus
1717 1937 1829 1975 aperte

185 1988 390 2030 predicimns.
416 1988 499 2029 quod
526 1989 583 2019 nisi
610 1989 692 2019 inl'ra
716 1987 894 2029 predictum
920 1992 1047 2028 tempus
1072 1987 1110 2017 ad
1137 1990 1247 2017 nostra
1271 1990 1303 2017 et
1328 1986 1465 2016 ecclesie
1490 1985 1641 2016 mandata
1665 1985 1828 2018 redierint,

186 2052 241 2071 nos
267 2045 378 2070 contra
403 2051 458 2070 eos
484 2044 547 2070 tam
574 2040 613 2070 ad
646 2039 834 2080 privandum
861 2039 1054 2080 Papienscin
1087 2038 1256 2069 ecclesiam
1289 2037 1480 2079 pontificalis
1511 2037 1677 2077 dignitatis
1708 2037 1828 2067 honore

186 2102 279 2132 quam
305 2092 385 2122 alias
411 2092 540 2132 gravius
567 2091 779 2133 spiritualiter
803 2094 834 2120 ct
860 2090 1088 2131 teinsmraliter,
1114 2092 1209 2130 prout
1226 2089 1378 2130 expedire
1396 2088 1580 2125 viderimus,
1604 2088 1828 2129 procedemus.

186 2143 351 2174 predictas
376 2154 452 2174 vero
477 2142 824 2173 excommunicationis
856 2142 1032 2172 sententias
1057 2144 1117 2172 etc.
1135 2144 1169 2171 ut
1194 2141 1226 2171 in
1250 2140 1407 2181 superiori
1432 2150 1552 2181 usque:
1578 2139 1773 2170 relabantur.

290 2195 332 2225 Ut
357 2199 465 2225 autem
490 2194 674 2225 huiusmodi
699 2198 808 2224 noster
833 2203 1007 2235 processus
1025 2196 1086 2223 etc.
1105 2196 1139 2222 ut
1164 2193 1194 2222 in
1219 2196 1332 2233 quarta
1357 2192 1504 2232 proxima
1528 2190 1685 2232 superiori
1709 2201 1827 2232 usque:

185 2246 410 2287 publicabunt.
444 2247 488 2277 ita
518 2246 601 2288 quod
633 2247 718 2277 cives
751 2249 783 2276 ct
812 2255 981 2276 commune
1006 2244 1185 2285 Papienses
1215 2243 1350 2285 predicti
1381 2254 1417 2274 ac
1446 2243 1513 2274 alii.
1550 2252 1629 2283 quos
1654 2252 1828 2282 processus

186 2299 253 2338 ipsc
279 2304 339 2328 etc.
358 2309 459 2339 usquc
486 2300 514 2328 in
541 2299 646 2328 tinem.

287 2433 310 2452 ἃ)
330 2437 432 2460 quoque
452 2429 512 2453 add.
527 2437 557 2452 ca:
575 2437 612 2459 ep.
626 2436 650 2451 n.
664 2429 719 2451 657,

288 2506 313 2529 Ι)
334 2505 366 2530 Α.
382 2508 450 2535 1268,
472 2504 533 2529 Ιαιι.
548 2508 588 2529 20.
667 2506 692 2527 ‘ll
714 2502 886 2528 Com-«dmm
905 2502 1057 2528 illustratam
1076 2501 1106 2526 (lc
1126 2502 1170 2526 La
1189 2502 1268 2527 Scala
1287 2501 1366 2526 utrem
1388 2500 1511 2531 Veronae,
1531 2501 1578 2532 qui
1597 2507 1656 2526 cum
1675 2507 1702 2524 co
1723 2503 1829 2524 venerat

186 2546 305 2578 Papium.
326 2547 502 2572 constitum-nt
522 2549 660 2573 rectorem:
680 2546 751 2570 Αηιι..
768 2545 887 2571 Placent.
907 2545 974 2577 aio,
994 2544 1042 2570 SS.
1058 2547 1074 2569 t.
1092 2544 1208 2571 XVIII,
1226 2547 1320 2577 [1,524.

289 2771 349 2796 Bm
365 2770 444 2796 ΡυΝτ,
460 2773 503 2795 ΙΙΙ,
1587 2766 1619 2792 89

1847 1015 1881 1036 l'S.
1894 1018 1938 1038 105,
1953 1018 1985 1036 20.
