2106 2979
67 656 90 674 10

68 913 90 931 15

68 1172 92 1190 20

69 1427 92 1445 25

72 1688 96 1705 30

72 1946 94 1964 35

72 2205 97 2223 40

72 2457 96 2475 45

703 94 902 123 EPISTOLAE
922 95 1109 122 SELECTAE.
1148 97 1221 122 1265.
1720 97 1777 126 651

141 180 247 212 iudicii
271 181 389 212 veritas
425 181 612 222 diligentius
647 183 835 223 inquiretur:
883 181 1008 212 Sufficit
1039 183 1123 212 enim
1147 183 1253 212 vocari
1285 181 1498 213 camerarium
1531 180 1595 223 [vel
1632 191 1782 223 procura-

140 231 273 275 torem]⁵
297 243 354 264 seu
377 232 542 271 ballivum,
567 234 597 264 in
623 234 713 264 cuius
738 233 957 264 iurisdictione
981 234 1034 263 vel
1057 233 1189 264 ballivia
1213 244 1271 264 seu
1295 234 1454 264 territorio
1478 232 1578 271 bona,
1604 232 1644 263 de
1669 232 1783 273 quibus

142 288 268 325 agetur,
293 285 480 322 consistant,
506 284 546 316 ad
570 285 744 316 videndum
769 286 875 316 iurare
900 288 1010 321 testes,
1036 285 1087 326 qui
1113 285 1144 315 in
1169 285 1351 316 huiusmodi
1376 285 1584 326 inquisitione
1609 283 1783 325 deponent.

246 334 320 378 [18]
357 336 477 366 Omnes
503 337 636 378 insuper
658 337 808 373 ecclesie,
833 340 897 367 tam
922 335 1127 367 cathedrales
1148 346 1243 376 quam
1260 337 1333 374 alie,
1358 337 1525 377 regulares
1551 339 1582 366 et
1607 335 1784 373 seculares,

142 397 267 418 necnon
292 390 325 418 et
349 397 460 418 omnes
489 388 606 429 prelati
635 391 668 418 et
696 388 804 418 clerici
843 391 875 418 et
904 398 1015 418 omnes
1045 398 1183 428 persone
1214 387 1449 425 ecclesiastice,
1484 387 1649 417 seculares
1675 389 1707 417 et
1732 397 1782 416 re-

142 439 266 479 ligiose,
292 442 323 469 et
347 449 550 480 quecumque
575 439 742 480 religionis
767 440 838 470 loca
863 450 934 469 cum
961 439 1108 469 omnibus
1132 438 1223 469 bonis
1249 439 1315 469 suis
1333 439 1364 468 in
1389 438 1615 475 electionibuS,
1640 437 1785 478 postula-

141 490 292 527 tionibus,
318 490 600 526 nominationibus,
626 490 863 532 provisionibus
881 494 913 521 et
930 490 1079 521 omnibus
1104 490 1175 520 aliis
1199 490 1297 530 plena
1320 490 1471 520 libertate
1495 489 1702 530 gaudebunt;
1726 499 1786 519 nec

141 545 215 572 ante
240 542 428 572 electionem
455 542 521 572 sive
550 542 581 572 in
607 542 763 572 electione
788 542 838 572 vel
869 545 942 583 post
976 542 1083 582 regius
1115 552 1266 572 assensus
1292 541 1342 572 vel
1377 541 1545 572 consilium
1581 540 1786 581 aliquatenus

142 594 332 634 requiretur.
379 592 482 628 Quam
511 594 621 634 utique
646 593 829 624 libertatem
856 604 912 623 vos
943 597 975 624 et
999 593 1098 623 vestri
1131 594 1161 623 in
1196 593 1340 634 predicto
1372 603 1471 633 regno
1496 591 1633 623 heredes
1659 601 1788 632 semper

142 645 395 675 manutenebitis
429 649 462 675 et
494 645 725 675 conservabitis
757 650 787 675 ct
820 645 1023 675 manuteneri
1059 644 1205 674 facietisb
1236 644 1276 674 ab
1307 644 1454 674 omnibus
1486 643 1622 674 subditis
1656 643 1787 674 vestris:

143 696 293 737 dicteque
318 696 457 726 ecclesie
481 706 517 726 ac
541 707 678 737 persone
702 700 834 726 utentur
856 696 957 726 libere
984 695 1133 726 omnibus
1159 696 1252 726 bonis
1278 698 1309 725 et
1333 695 1455 725 iuribus
1481 695 1556 730 suis,
1582 694 1672 724 salvo
1697 693 1788 724 vobis

143 751 176 778 et
206 748 322 778 vestris
358 748 389 778 in
422 758 520 788 regno
551 747 726 778 heredibus
757 748 824 778 iure
856 751 1044 789 patronatus
1077 748 1107 777 in
1140 747 1285 777 ecclesiis
1318 747 1349 776 in
1382 749 1522 783 tantum,
1559 748 1711 786 (mantum
1744 743 1788 785 [in

143 799 203 830 hac
228 803 319 840 parte
343 799 486 841 patronis
512 799 720 830 ecclesiarum
747 799 902 829 canonica
927 799 1074 829 instituta
1099 798 1289 834 concedunt,
1314 796 1380 839 ubi]
1406 797 1550 838 antiquic
1567 807 1661 837 reges
1680 796 1788 826 Sicilie

144 850 324 881 huiusmodi
348 851 397 881 ius
421 854 610 892 patronatus
634 851 664 881 in
689 851 766 892 ipsis
791 851 937 881 ecclesiis
970 850 1163 881 habuerunt.
1211 850 1332 880 Omnes
1362 849 1457 879 etiam
1489 858 1584 878 cause
1617 847 1656 878 ad
1684 847 1788 877 forum

144 902 401 933 ecclesiasticum
437 903 639 944 pertinentes
677 902 779 933 libere
815 906 846 932 et
881 901 1002 943 absque
1038 902 1103 932 ullo
1140 901 1370 942 impedimento
1406 900 1628 941 agitabuntur,
1668 902 1787 929 tracta-

143 953 262 984 buntur
297 957 328 984 et
351 954 596 984 ventilabuntur
628 964 736 984 ‹1¹0ram
769 953 937 984 ordinariis
971 957 1002 984 et
1032 954 1104 983 aliis
1133 952 1363 983 ecclesiasticis
1396 951 1555 982 iudicibus
1581 954 1613 981 et
1637 950 1789 980 termina-

145 1004 263 1035 buntur
285 1015 343 1046 per
367 1016 433 1036 eos.
479 1005 521 1035 Et
545 1006 570 1036 si
596 1005 635 1036 ad
668 1005 779 1036 sedem
803 1005 1015 1046 apostolicam
1046 1015 1142 1045 super
1172 1003 1355 1034 huiusmodi
1391 1003 1496 1033 causis
1526 1002 1683 1043 appellari
1713 1011 1789 1032 con-

144 1056 268 1097 tigerit,
304 1060 369 1087 tam
406 1057 608 1098 appellantes
641 1068 737 1098 quain
771 1057 925 1098 appellati
961 1057 1001 1087 ad
1036 1056 1173 1087 eandem
1208 1056 1316 1085 venire
1353 1054 1461 1085 sedem
1500 1063 1557 1094 pro
1600 1052 1789 1094 appellatio-

144 1118 219 1137 num
256 1108 503 1138 exeeutionibus
539 1109 641 1139 libere
679 1113 710 1139 et
745 1108 868 1149 absque
906 1108 1014 1149 aliqua
1053 1107 1242 1137 inhibitione
1281 1107 1520 1148 permittantur.
1581 1104 1791 1134 Sacramenta

144 1169 219 1189 vero
244 1159 407 1190 fidelitatis
432 1160 665 1201 prestabuntur
688 1159 865 1191 secundum
890 1160 1054 1200 antiquam
1080 1163 1112 1189 et
1136 1159 1361 1189 rationabilem
1387 1155 1671 1191 consuetudinem,
1697 1158 1791 1196 prout

144 1211 300 1242 canonica
325 1215 447 1242 statuta
471 1212 675 1253 permittunt,
700 1212 740 1242 ab
766 1212 829 1242 illis
854 1212 1065 1242 ecclesiarum
1090 1211 1238 1251 prelatiS,
1270 1220 1403 1251 quorum
1429 1208 1680 1250 predecessores
1707 1207 1789 1237 anti-

143 1263 213 1303 quis
249 1262 304 1293 illa
337 1263 445 1294 Sicilie
484 1264 615 1304 regibus
654 1264 875 1305 prestiterunt.
930 1262 982 1293 Ab
1016 1262 1079 1292 illis
1114 1265 1221 1292 autem
1254 1262 1387 1302 prelatis
1425 1260 1469 1302 [et
1502 1257 1696 1299 ecclesiis]‘¹,
1735 1258 1787 1298 qui

144 1314 336 1355 temporalia
362 1315 428 1345 sive
458 1315 581 1356 regalia
604 1315 707 1346 bonass
732 1319 860 1351 tenent,
896 1315 923 1345 si
947 1315 1000 1355 qui
1025 1318 1133 1344 tamen
1159 1317 1248 1350 sunt,
1283 1313 1335 1354 qui
1360 1311 1545 1343 huiusmodi
1569 1310 1653 1341 bona
1677 1313 1790 1340 tenent

144 1376 163 1396 a
187 1365 316 1396 domino
341 1366 450 1407 regnis
472 1367 521 1398 vel
547 1367 617 1397 aliis
643 1367 778 1397 dominis
804 1365 1053 1408 temporalibus,
1079 1369 1110 1395 ct
1134 1365 1186 1406 qui
1215 1364 1396 1395 huiusmodi
1426 1364 1546 1394 ratione
1571 1362 1727 1392 bonorum
1752 1361 1792 1391 ab

146 1417 277 1458 antiquo
303 1422 542 1449 consueverunt
567 1419 697 1459 regibus
723 1422 754 1448 ct
779 1419 857 1459 ipsis
884 1418 1022 1448 dominis
1048 1416 1279 1457 temporalibus
1312 1416 1442 1446 servitia
1474 1414 1646 1450 exhibere,
1679 1412 1791 1442 huius-

147 1468 232 1498 modi
258 1469 394 1500 honesta
419 1473 450 1500 et
474 1471 605 1511 antiqua
631 1471 760 1500 servitia
778 1470 825 1500 eis
845 1469 1020 1500 secundum
1040 1468 1265 1498 rationabilem
1283 1471 1314 1498 et
1331 1468 1495 1508 antiquam
1514 1464 1794 1499 consuetudinem,

148 1523 178 1550 ct
203 1521 285 1551 sicut
309 1522 440 1562 antiqua
465 1523 630 1563 patiuntur
655 1522 808 1552 canonica
833 1525 969 1555 statuta,
996 1520 1232 1562 impendantur,
1258 1519 1349 1549 salva
1374 1528 1502 1560 semper
1526 1517 1611 1547 circa
1636 1515 1793 1546 ecclesias

148 1571 352 1603 cathedrales
388 1577 420 1604 et
453 1574 533 1604 alias
564 1574 731 1614 regulares
763 1576 795 1603 et
828 1573 991 1603 seculares
1017 1582 1054 1602 ac
1080 1581 1236 1613 personas
1261 1574 1293 1601 et
1323 1571 1393 1601 loca
1427 1568 1649 1600 ecclesiastica
1673 1570 1736 1597 tani
1762 1567 1793 1596 in

147 1622 303 1654 faciendis
334 1625 572 1665 provisionibus
604 1630 635 1656 ct
665 1625 880 1656 electionibus
911 1623 1137 1654 confirmandis
1167 1633 1262 1663 quam
1292 1623 1323 1652 in
1354 1622 1502 1652 omnibus
1536 1619 1793 1660 quibuscumque

148 1675 219 1705 aliis
244 1675 381 1706 Romani
412 1677 572 1718 pontificis
603 1681 634 1707 et
664 1677 802 1707 ecclesie
827 1676 974 1707 Romane
1005 1674 1279 1705 iurisdictionibus
1308 1684 1344 1704 ac
1375 1673 1567 1704 auctoritate
1592 1670 1739 1712 plenaria
1764 1672 1795 1699 et

148 1725 251 1756 libera
274 1731 448 1768 potestate.

253 1776 329 1821 [ia]
366 1779 576 1810 Revocabitis
600 1790 727 1821 quoqne
762 1790 874 1810 omnes
900 1778 1148 1809 constitutiones
1181 1787 1237 1807 seu
1261 1777 1350 1817 leges
1375 1786 1432 1817 per
1456 1774 1577 1805 dictum
1595 1773 1794 1803 Fridericum

149 1829 199 1859 vel
224 1840 282 1870 per
306 1842 401 1872 reges
427 1832 535 1863 Sicilie
561 1842 618 1862 seu
643 1843 701 1873 per
727 1831 912 1862 slonradurn
937 1831 1038 1872 ipsius
1062 1829 1219 1859 Friderici
1245 1828 1346 1858 filium
1371 1832 1425 1858 aut
1448 1825 1651 1857 Manfredum
1679 1824 1792 1866 [quon—

148 1880 257 1923 dam]g
280 1883 454 1925 principem
480 1884 703 1921 Tarentinum,
740 1884 792 1924 qui
818 1883 857 1913 de
882 1884 968 1913 sacto
994 1882 1113 1912 retinet
1143 1881 1246 1921 ipsum
1278 1890 1414 1920 regnum
1446 1880 1653 1919 occupatum,
1689 1875 1792 1906 editas

148 1937 259 1964 contra
294 1935 546 1966 ecclesiasticam
582 1935 779 1968 libertatem,
816 1945 874 1965 nec
907 1937 1028 1964 statuta
1057 1932 1108 1963 vcl
1140 1930 1411 1962 constitutionesh
1440 1930 1566 1970 aliquas
1601 1927 1705 1958 edetis
1741 1929 1795 1956 aut

149 1985 246 2015 etiam
272 1986 529 2027 promulgabitis,
554 1997 610 2028 per
635 1997 696 2028 que
722 1987 781 2016 iuri
806 1990 861 2016 aut
885 1985 1106 2016 ecclesiastice
1132 1983 1274 2013 libertati
1299 1981 1474 2022 derogetis.

252 2035 326 2079 [20]
362 2038 563 2069 Proniittetis
589 2039 701 2071 etiam,
735 2038 819 2079 quod
845 2037 950 2067 nullus
975 2036 1108 2067 clericus
1132 2035 1181 2065 vel
1207 2044 1346 2075 persona
1370 2031 1594 2064 ecclesiastica
1619 2028 1794 2060 eorundem

148 2089 239 2129 regni
275 2093 307 2119 et
342 2094 427 2120 terre
455 2091 486 2120 in
518 2090 602 2120 civili
628 2090 676 2120 vel
709 2089 865 2120 criminali
898 2099 996 2118 causa
1027 2087 1237 2117 convenietur
1267 2095 1374 2115 eoram
1406 2083 1512 2114 iudice
1543 2082 1695 2115 seculari,
1734 2081 1794 2110 nisi

148 2149 245 2180 super
268 2140 373 2171 feudis
398 2141 514 2172 iudicio
547 2141 708 2183 petitorisi
734 2141 943 2171 conveniatur
977 2139 1126 2173 civiliter,
1161 2137 1217 2167 sed
1254 2147 1365 2167 omnes
1398 2145 1536 2177 persone
1570 2131 1792 2164 ecclesiastice

149 2192 333 2223 omnimode
359 2197 452 2223 erunt
476 2194 576 2224 libere
601 2198 633 2224 et
658 2194 689 2223 in
713 2193 800 2223 nullo
828 2193 895 2233 regi
921 2192 971 2222 vel
995 2190 1131 2232 principi
1157 2189 1380 2220 subiacebunt.

253 2242 328 2284 [21]
364 2244 479 2275 Nullas
505 2245 636 2286 insuper
659 2245 764 2275 tallias
790 2244 840 2274 vel
865 2244 1016 2274 collectas
1042 2241 1215 2282 imponetis
1242 2240 1398 2277 ecclesiis,
1426 2236 1643 2273 monasteriis,
1669 2236 1795 2266 clericis

149 2296 180 2324 et
205 2292 294 2336 [viris
319 2295 582 2338 ecclesiasticis]k
606 2297 657 2327 vel
688 2296 783 2327 rebus
817 2305 942 2329 coruum
974 2298 1006 2324 et
1036 2294 1067 2323 in
1098 2292 1245 2323 ecclesiis
1271 2291 1459 2322 vacantibus
1484 2299 1541 2319 vos
1566 2288 1616 2318 vel
1642 2287 1739 2317 vestri
1763 2287 1794 2316 in

149 2355 247 2386 regno
266 2346 404 2378 heredes
430 2348 518 2378 nulla
542 2347 703 2378 habebitis
728 2347 866 2388 regalia:
892 2347 1064 2386 nullosque
1089 2345 1223 2380 fructus,
1249 2343 1393 2373 redditus
1419 2344 1450 2372 et
1476 2343 1662 2382 proventus,
1687 2338 1794 2368 nullas

149 2397 359 2429 obventiones
385 2409 420 2429 ac
445 2400 533 2430 nulla
558 2410 686 2440 prorsus
712 2399 776 2429 alia
798 2398 985 2439 percipietis
1004 2407 1045 2427 ex
1067 2395 1189 2431 iisdem,
1215 2394 1359 2425 custodia
1383 2391 1558 2424 earundem
1583 2390 1794 2421 ecclesiarum

149 2448 277 2479 interim
302 2450 403 2481 libere
429 2454 615 2481 remanente
641 2461 741 2491 penes
767 2460 923 2491 personas
949 2447 1186 2479 ecclesiasticas
1212 2447 1302 2476 iuxta
1328 2444 1501 2475 canonicas
1527 2442 1721 2472 sanctiones.

251 2601 273 2623 θ’)
296 2598 334 2622 vel
354 2602 540 2629 pnss=curatoi·e1n
565 2597 631 2621 deest
645 2597 694 2622 JL:
719 2598 861 2628 qs.11.539,
878 2596 893 2624 ‚S
907 2597 939 2619 13
963 2600 984 2619 εἰ
1007 2595 1079 2626 iufra
1103 2593 1148 2617 sub
1173 2602 1196 2616 n.
1215 2594 1270 2615 ⁶51.
1366 2590 1388 2619 b)
1409 2591 1520 2621 sequitur
1544 2587 1648 2620 11]).Μ,;
1679 2587 1745 2618 quod
1771 2587 1796 2609 in

149 2641 266 2665 munibus
285 2645 327 2664 etc.
343 2645 368 2663 11!
393 2650 473 2672 supra
497 2641 541 2664 lla.
559 2643 571 2664 7
595 2648 682 2671 usque:
708 2640 813 2663 facietis.
911 2643 934 2665 c,
954 2642 1077 2670 quantum
1098 2637 1136 2660 vel
1157 2635 1255 2666 antiqui
1276 2634 1326 2662 lqu·
1351 2634 1384 2665 cf.
1398 2634 1490 2661 vasen,
1515 2633 1529 2661 ς’
1544 2633 1579 2655 19.
1673 2628 1698 2659 d)
1718 2629 1795 2653 eecle-

149 2684 255 2707 siasticis
269 2683 305 2708 ΑΙ.
394 2688 415 2712 ⁵²)
436 2684 530 2715 regalia
556 2685 609 2708 sive
634 2683 782 2715 temporalia
806 2683 872 2706 bona
897 2682 921 2705 ἱιι
949 2691 971 2705 11.
992 2683 1054 2707 539,
1080 2682 1095 2710 ς’
1110 2683 1144 2703 151.
1233 2677 1250 2704 sl
1270 2686 1328 2709 rege
1348 2677 1384 2700 Μ.
1474 2680 1497 2703 s)
1518 2674 1645 2705 quondam
1672 2673 1738 2697 deest
1758 2671 1795 2695 M.

150 2724 172 2755 ²¹)
186 2727 342 2751 conditiones
357 2727 407 2755 .11.,·
426 2728 458 2755 ‘'f-
474 2737 496 2750 n,
513 2730 568 2757 539,
580 2729 595 2756 ς’
609 2731 648 2750 30.
717 2726 733 2755 ij
749 2725 864 2758 petitorio
879 2724 929 2749 M„-
948 2726 980 2756 (γ’.
997 2734 1018 2747 ιι.
1036 2726 1090 2749 539,
1103 2723 1117 2752 ἕ
1131 2726 1168 2746 21.
1232 2719 1255 2745 k)
1270 2720 1360 2744 nostris
1374 2719 1486 2743 ecclesiis
1502 2718 1552 2742 M:
1572 2718 1605 2748 cf.
1620 2725 1642 2740 vn⁴
1661 2717 1715 2741 539.
1728 2716 1743 2744 ἕ
1758 2717 1795 2738 22.

1544 2768 1591 2792 5²2*
