2106 2979
114 662 137 680 lo

114 920 136 937 15

115 1176 139 1194 20

117 1699 141 1717 ³0

117 2212 141 2230 ⁴10

754 99 954 127 EPISTOLAE
973 101 1162 128 SELEcTAE.
1202 103 1275 129 1266.
1769 106 1829 136 667

189 188 273 218 ultra
303 188 445 229 seipsum
477 187 621 228 erigitur.
668 187 737 217 Iam
768 187 890 218 ambire
920 188 1022 219 fertur
1051 189 1258 229 imperium¹:
1297 189 1360 220 iam
1391 190 1448 220 sibi
1475 189 1583 221 Sicilie
1617 201 1752 232 regnum
1784 191 1831 221 in-

191 239 340 273 titulans.
377 250 410 269 se
438 239 530 279 regni
563 238 710 269 eiusdem
740 249 851 279 regem
887 239 1105 275 denominat2,
1143 243 1175 270 et
1208 251 1278 271 cum
1315 241 1475 282 aliquibus
1510 242 1647 272 inimicis
1683 242 1832 277 ecclesie,

189 291 389 329 Lombardis,
414 290 541 327 Tuscis,
565 290 761 320 Marchianis
780 294 811 321 et
828 290 954 331 Apulis,
979 291 1132 332 precipue
1156 291 1196 322 de
1222 303 1320 333 regno
1342 292 1487 334 predicto
1512 294 1668 334 profugis,
1694 303 1774 334 quos
1794 293 1832 324 de

189 353 289 384 regno
308 343 374 383 ipso
392 341 461 372 sola
486 341 684 372 conscientia
708 345 740 371 et
765 342 895 383 propria
917 343 1039 372 malitia
1062 343 1228 383 effugavit,
1254 343 1467 374 fraudulentis
1485 354 1518 374 se
1536 344 1729 386 implicando
1747 355 1832 375 oom-

190 394 316 424 merciis
328 394 348 428 3,
373 393 403 423 in
427 392 526 429 Urbe,
550 392 755 431 Lombardia,
780 392 900 423 Tuscia
925 397 957 424 et
980 404 1038 435 per
1062 394 1127 424 alia
1152 395 1222 425 loca
1246 395 1375 425 diversa
1398 395 1521 426 litteras
1546 407 1621 426 suas
1644 396 1834 426 disseminat

190 446 248 476 sub
274 446 323 476 sui
348 444 559 486 expressione
582 444 719 474 nominis
738 448 769 474 et
787 444 1005 475 intitulatione
1024 445 1183 485 premissa
1201 447 1325 487 typario
1344 447 1433 487 regie
1452 447 1628 477 maiestatis
1645 448 1831 488 impressaS,

190 497 272 527 sicut
296 507 352 527 nos
376 497 554 527 litterarum
580 495 755 525 Conradini
785 495 930 526 eiusdem
962 497 1118 537 inspectio
1149 497 1212 528 fide
1244 497 1353 527 docuit
1377 498 1519 533 oculata,
1549 508 1606 539 per
1636 509 1715 539 quas
1747 509 1832 529 com-

191 557 319 578 movere
347 547 500 588 populum
538 550 569 576 et
604 546 734 577 turbare
766 557 878 588 pacem
915 547 1052 578 ecclesie
1078 548 1205 581 nititur,
1240 548 1270 578 in
1303 552 1462 584 nostrum,
1503 550 1641 580 ecclesie
1670 550 1772 591 ipsius
1802 553 1833 580 et

189 599 346 630 carissimi
371 599 401 629 in
427 598 555 629 Christo
580 598 635 628 filii
668 598 769 628 nostri
795 598 901 629 Caroli
927 598 1037 630 Sicilie
1067 600 1152 640 regis
1181 600 1315 630 illustris
1345 600 1556 641 preiudicium
1589 605 1621 631 et
1651 601 1834 632 discrimen.

292 650 359 681 Nos
377 651 494 691 itaque,
519 660 579 680 non
598 659 768 690 personam
795 655 1039 691 persequentes,
1066 651 1122 681 sed
1141 651 1213 681 odio
1232 652 1374 692 perfecto
1394 652 1495 692 ipsius
1513 653 1660 683 odientes
1678 653 1833 683 malitiam

188 707 220 733 et
244 712 469 744 perversorum
495 712 623 731 suorum
649 706 822 731 conatuum
847 702 945 732 initiis
971 707 1188 735 occurrentes.
1213 706 1363 744 presente
1389 703 1448 733 hac
1466 703 1608 734 fidelium
1627 704 1833 735 multitudine

188 755 229 786 de
253 754 386 785 fratrum
419 756 601 784 nostrorum
633 753 764 783 consilio
790 753 895 784 eidem
923 753 1106 784 Conradino
1143 754 1287 785 districte
1318 755 1531 796 precipimus,
1568 759 1602 785 ut
1626 766 1644 786 a
1667 755 1834 797 premissis

188 816 318 847 prorsus
354 805 531 839 abstineat,
568 804 743 835 districtius
779 805 977 839 inhibentes,
1011 816 1050 836 ne
1087 806 1203 836 similia
1231 809 1365 847 usurpet
1398 810 1453 836 aut
1487 811 1654 847 presumat
1689 807 1833 845 ulterius,

190 859 327 889 solerter
355 857 543 891 advertens,
578 860 695 898 quante
722 857 762 887 sit
794 857 985 887 temeritatis
1016 861 1200 898 quantaque
1230 858 1391 888 coertione
1422 857 1551 898 (lignum
1577 858 1685 899 legum
1711 859 1834 889 sanctio

190 912 322 940 censeat
351 909 433 939 falso
468 908 585 939 nedum
621 908 745 948 regium
776 919 891 938 nomen
922 919 1105 943 assumere,
1142 909 1198 939 sed
1230 909 1327 940 etiam
1357 909 1511 950 simplicis
1542 910 1768 950 magistratus.
1803 914 1835 940 et

190 964 384 1002 potestatem
411 960 547 990 ecclesie
573 959 746 999 diligenter
763 960 946 991 attendens
972 970 1043 1000 quc,
1070 961 1153 990 sicut
1177 960 1314 990 cundem
1339 971 1431 991 avum
1458 961 1541 991 iusto
1566 961 1684 991 iudicio
1702 961 1835 992 nudavit

190 1013 339 1054 imperio,
372 1022 471 1053 regno
497 1011 606 1042 Sicilie
632 1011 815 1051 ceterisque
841 1011 1022 1052 premissis,
1060 1011 1104 1041 sie
1134 1015 1165 1041 et
1196 1022 1285 1046 eum,
1321 1012 1417 1042 immo
1448 1012 1547 1043 multo
1578 1013 1719 1047 facilius,
1745 1013 1835 1052 regni

191 1064 463 1095 Ierosolimitani4
488 1063 610 1093 honore
634 1063 770 1103 aliisque
796 1062 1019 1103 dignitatibus,
1047 1064 1138 1093 bonis
1157 1067 1188 1093 et
1206 1063 1341 1095 iuribus.
1366 1064 1391 1093 si
1410 1074 1473 1103 qua
1490 1064 1597 1096 habet.
1623 1063 1834 1105 proculdubio

190 1116 312 1147 nudare
338 1115 456 1157 poterit
474 1118 506 1146 et
528 1115 651 1145 iustitia
675 1114 832 1145 suadente
858 1114 1002 1148 nudabit,
1029 1115 1089 1145 nisi
1114 1115 1246 1145 consilio
1272 1116 1332 1145 sibi
1357 1116 1489 1146 meliore
1515 1116 1684 1157 provideat
1702 1119 1733 1146 et
1751 1115 1836 1146 sedis

190 1168 367 1209 apostolice
399 1167 611 1208 beneplacitis
643 1178 677 1195 se
707 1170 845 1207 coaptet.
892 1166 1106 1197 Prohibcmus
1138 1167 1268 1207 insuper
1298 1167 1457 1197 universis
1489 1171 1521 1197 et
1552 1167 1689 1208 singulis
1716 1167 1834 1198 Christi

190 1219 351 1253 fidelibus,
378 1230 417 1249 nc
443 1218 586 1260 predicto
612 1217 796 1248 Gom-adino
829 1222 862 1247 ut
893 1218 960 1258 regi
987 1218 1095 1248 Sicilie
1121 1218 1282 1253 scribant,
1315 1229 1372 1249 nce
1397 1218 1436 1248 ab
1462 1219 1531 1260 ipso
1557 1219 1680 1249 litteras
1706 1219 1795 1249 velut
1819 1229 1836 1248 a

191 1282 268 1313 rege
292 1275 347 1302 aut
372 1271 430 1301 sub
456 1271 623 1311 premissis
649 1270 877 1300 intitulatione.
902 1270 1166 1301 demnninatione
1193 1271 1241 1301 vel
1268 1271 1479 1312 impressione
1506 1271 1673 1312 recipiant,
1697 1281 1779 1301 neve
1805 1271 1835 1300 in

191 1333 262 1354 eum
287 1327 321 1353 ut
345 1323 377 1353 iu
396 1322 505 1353 Sicilie
530 1332 647 1362 regent
664 1321 843 1353 intendant.
869 1332 927 1352 nec
954 1332 1025 1352 cum
1050 1323 1144 1352 armis
1171 1322 1219 1353 vel
1245 1323 1313 1353 sine
1338 1323 1445 1359 armis,
1472 1322 1554 1352 facto
1573 1322 1623 1352 vel
1641 1321 1738 1352 verbo
1763 1325 1837 1352 anta

191 1375 271 1405 alias
296 1373 537 1415 quomodolibet
561 1373 600 1403 ad
626 1373 817 1403 turbandam
844 1374 983 1404 ecclesie
1006 1373 1151 1404 Romane
1176 1384 1288 1415 pacem
1314 1374 1364 1404 vel
1389 1377 1500 1404 contra
1523 1373 1700 1414 predictum
1726 1384 1836 1414 regem

192 1425 300 1456 Sicilie
326 1428 472 1467 prestent
497 1425 526 1455 ei
552 1425 733 1461 eonsilium,
767 1425 923 1455 auxilium
946 1425 995 1455 vel
1026 1426 1178 1456 favorem.
1227 1425 1422 1466 Speeialitor
1450 1428 1558 1455 autem
1584 1425 1835 1463 marchionibus,

192 1477 373 1510 comitibus,
397 1477 584 1508 baronibus.
610 1477 807 1507 civitatibus.
833 1477 1116 1507 c‹.›nnnuuitatibus
1136 1481 1167 1507 et
1184 1477 1449 1507 universitatibus
1476 1480 1664 1513 castrorum,
1689 1477 1835 1507 villarum

193 1533 224 1560 et
248 1540 521 1570 quorumcumque
547 1529 689 1559 locorum
716 1528 808 1559 ltalie
842 1529 1050 1569 prohibemus
1083 1539 1254 1570 expresse.
1292 1539 1331 1559 ne
1363 1528 1462 1569 ipsius
1488 1528 1663 1558 Conradini
1696 1528 1835 1558 dominio

194 1581 244 1612 vel
270 1581 417 1621 regimini
443 1592 476 1611 sc
503 1586 683 1621 supponant
708 1584 763 1610 aut
789 1591 860 1610 cum
885 1581 934 1610 vol
960 1591 1016 1621 pro
1042 1591 1078 1610 eo
1104 1591 1160 1610 scu
1186 1581 1215 1610 in
1243 1580 1385 1610 favorem
1411 1580 1511 1620 ipsius
1529 1580 1626 1610 alium
1644 1580 1674 1609 in
1692 1583 1835 1620 potesta-

194 1637 257 1663 tem
283 1633 333 1663 vel
360 1636 532 1663 rectorem.
571 1643 773 1673 quocumque
799 1633 927 1663 nomine
953 1636 1142 1663 censeatur.
1178 1631 1365 1667 admittant,
1399 1631 1448 1661 vel
1475 1631 1501 1660 ei
1528 1634 1582 1661 aut
1606 1631 1659 1661 alii
1685 1641 1741 1672 pro
1766 1631 1836 1672 ipso

195 1685 272 1715 seub
296 1685 327 1715 in
352 1685 496 1714 favorem
522 1685 624 1725 ipsius
649 1683 822 1714 dominium
849 1687 903 1714 aut
928 1694 1022 1724 posse
1048 1683 1178 1724 aliquod
1209 1684 1239 1713 in
1273 1694 1324 1716 se,
1356 1682 1518 1713 districtus
1547 1685 1603 1712 aut
1630 1686 1733 1713 terras
1762 1693 1836 1712 suas

193 1746 395 1777 quocumque
426 1736 554 1776 ingenio
584 1740 638 1766 aut
668 1735 906 1766 machinatione
938 1735 1131 1766 concedant.
1168 1746 1227 1765 ncc
1261 1735 1464 1765 scwictatem.
1499 1734 1751 1764 coniurationem
1782 1737 1837 1764 aut

193 1788 285 1819 fedus
310 1787 439 1828 aliquod
471 1788 580 1818 ineant
616 1797 686 1817 eum
719 1787 833 1817 eodem
866 1791 920 1817 aut
950 1787 1011 1817 alio
1036 1788 1066 1817 in
1091 1787 1247 1817 auxilium
1273 1787 1322 1817 vel
1347 1786 1489 1817 favorem
1517 1786 1625 1826 ipsius.
1673 1784 1735 1820 Qui
1761 1795 1836 1815 vero

193 1844 307 1871 contra
329 1839 485 1880 premissa
512 1839 561 1869 vel
588 1839 718 1879 aliquod
743 1840 971 1880 premissorum
996 1850 1053 1880 per
1078 1850 1111 1870 sc
1137 1839 1187 1870 vel
1212 1849 1269 1879 per
1293 1838 1389 1868 alium
1415 1847 1615 1878 quocumque
1647 1836 1735 1872 dolo,
1768 1839 1836 1867 arte

194 1892 244 1922 vel
269 1891 506 1921 machinatione
531 1891 683 1922 fecerint.
722 1891 951 1931 cuiuscumque
983 1891 1045 1920 sint
1074 1890 1303 1931 preminentic,
1341 1889 1507 1929 dignitatis
1536 1892 1590 1918 ant
1623 1891 1744 1923 status,
1779 1898 1835 1918 ex—

195 1942 491 1975 communicationis
517 1942 697 1973 seuteutia.
723 1953 817 1983 quam
843 1943 873 1972 in
899 1953 955 1972 eos
980 1952 1107 1972 exnunc
1132 1942 1281 1972 ferimus.
1307 1941 1376 1982 ipso
1402 1941 1486 1970 facto
1512 1951 1545 1971 se
1571 1939 1719 1970 noverint
1743 1939 1835 1969 inno-

195 1995 296 2027 datos.
343 1994 467 2035 Aperte
492 2004 619 2034 quoque
645 1993 841 2034 predic-imus
868 1993 1077 2034 patriarchis.
1111 1993 1380 2033 archiepiscopis.
1407 1991 1583 2033 episcopis,
1608 1990 1780 2021 abbatibus
1805 1994 1837 2020 et

194 2047 266 2078 aliis
290 2047 448 2077 inferioris
473 2045 592 2086 gradus
618 2046 761 2086 prelatis,
787 2045 881 2086 quod,
908 2045 933 2075 si
958 2049 1070 2075 eontra
1095 2045 1250 2086 premissa
1276 2044 1385 2074 venire
1412 2043 1675 2084 presumpserint,
1701 2052 1756 2072 nos
1782 2052 1836 2072 eos

195 2099 278 2129 omni
303 2098 524 2129 ecclesiastice
549 2097 713 2137 diguitatis
738 2097 860 2127 honore
890 2096 1101 2138 privabimus.
1132 2100 1226 2137 prout
1257 2095 1348 2125 nobis
1379 2095 1455 2124 facti
1484 2094 1621 2135 qualitas
1653 2096 1685 2123 et
1715 2093 1837 2123 iustitia

195 2149 352 2180 suadebit.
399 2149 553 2190 Reliquos
581 2159 654 2179 vere
680 2149 825 2181 clericos,
852 2159 914 2178 non
940 2148 1127 2189 prelationis
1154 2148 1295 2177 officium
1320 2146 1377 2177 sed
1402 2146 1509 2176 forsan
1540 2144 1731 2185 dignitates,
1763 2154 1835 2185 per-

195 2204 327 2232 sonatus
357 2205 412 2231 aut
443 2201 507 2231 alia
532 2200 643 2241 quevis
668 2200 888 2230 ecclesiastica
912 2200 1070 2230 beneficia
1095 2199 1294 2231 obtinentes,
1331 2202 1362 2228 et
1387 2197 1527 2227 obtentis
1552 2197 1678 2237 privare
1709 2195 1836 2226 curabi-

194 2263 264 2283 mus
293 2256 325 2283 et
355 2252 513 2283 inhabiles
542 2251 677 2282 reddere
703 2251 741 2281 ad
767 2252 831 2282 alia
865 2251 1047 2282 obtinenda.
1098 2251 1204 2281 Laicis
1238 2260 1312 2280 vero
1349 2249 1579 2288 cuiuscumque
1610 2247 1836 2288 preminentie,

194 2303 358 2345 dignitatis
391 2308 446 2334 aut
477 2307 596 2339 status,
631 2306 662 2333 et
693 2303 847 2344 precipue
872 2303 1042 2344 temporali
1068 2302 1288 2332 iurisdictione
1325 2300 1464 2331 ecclesie
1490 2299 1637 2329 Romane
1669 2299 1834 2330 subiectis.

194 2355 421 2385 denuntiamus
445 2366 615 2396 expresse,
646 2354 744 2395 quod,
777 2355 802 2384 si
833 2354 1015 2385 huiusmodi
1045 2358 1187 2384 nostram
1220 2352 1459 2384 inhibitionem,
1490 2353 1602 2380 contra
1627 2361 1696 2380 eam
1722 2360 1780 2391 per
1803 2360 1836 2379 se

195 2407 245 2437 vel
270 2417 327 2447 per
350 2407 447 2437 alium
473 2410 595 2437 temere
621 2406 797 2441 veniendo,
828 2416 890 2436 non
918 2406 1102 2436 curaverint
1127 2408 1240 2435 exacta
1266 2403 1433 2444 diligentia
1458 2402 1653 2439 observare,
1679 2411 1749 2433 nos.
1775 2411 1836 2430 non

295 2536 318 2563 ³)
337 2543 382 2560 aut
400 2540 487 2567 postea
506 2535 629 2559 additum.
718 2534 742 2566 ¹¹)
762 2544 807 2559 seu
822 2540 912 2566 postea.
931 2535 1055 2560 additum.

297 2604 321 2634 1)
360 2603 439 2634 (7221.
454 2607 504 2628 440
523 2606 546 2627 ct
565 2605 610 2627 ,321
629 2604 651 2627 ct
672 2601 795 2627 Pottlmst
814 2606 890 2628 191Γο
909 2605 931 2627 et
953 2606 1039 2628 19623.
1128 2604 1154 2630 ⁵2>
1177 2600 1348 2625 Conradintts
1367 2598 1429 2624 inde
1449 2607 1464 2622 n
1484 2601 1562 2623 ntortc
1580 2597 1668 2630 patris
1687 2597 1836 2622 ‘Jerusalem

192 2648 213 2669 c!
238 2645 340 2670 Siciliae
367 2654 459 2678 restem,
488 2644 577 2670 ducem
602 2644 720 2669 Sum-iae*
745 2653 843 2677 semper
865 2653 891 2670 sc
914 2645 1098 2678 appellarant
1187 2645 1213 2669 3.
1236 2643 1275 2674 [γ’.
1292 2641 1353 2667 BF.
1369 2641 1461 2667 4803b
1483 2644 1505 2665 ct
1533 2641 1656 2666 Panthus(
1682 2643 1776 2665 1:0843:
1805 2640 1837 2669 cf.

193 2688 309 2721 Hampe,
333 2688 488 2720 Konraclin,
508 2687 609 2713 ‹lisso-t.
625 2688 743 2712 Beralm
758 2697 782 2713 n.
801 2691 870 2715 1893,
892 2696 919 2720 J).
938 2692 955 2713 7,
1045 2689 1070 2713 i>
1092 2688 1132 2718 (ψ’,
1151 2686 1314 2717 Ηωιῖμηῖιωχα,
1336 2685 1395 2710 Inn.
1417 2684 1493 2709 11'11.
1507 2683 1530 2708 a,
1547 2683 1612 2716 chsr,
1627 2683 1730 2707 Nicilicn
1750 2692 1775 2714 μ
1791 2687 1837 2711 20,-

194 2731 237 2756 scd
255 2739 336 2764 neque
359 2731 482 2756 Urbanus
503 2731 639 2762 JVneqne
658 2731 775 2755 (fleturus
796 2731 839 2756 Ilv
854 2731 1038 2756 (s'mn-azlimnn
1059 2736 1149 2763 ‘re-{scm
1172 2728 1419 2755 Iermolimilanum·
1442 2735 1557 2759 acieqmrm
1578 2727 1784 2758 appellaverunt.

1583 2777 1631 2802 si*

1926 661 1940 677 Ἰ.
1956 662 1987 678 23.
