2106 2979
126 492 136 509 5

115 814 139 831 10

115 1070 138 1087 1:-

114 1327 138 1346 20

115 1586 139 1604 ¹25

115 1846 139 1864 ³0

113 2106 137 2124 35

115 2367 125 2384 4
128 2368 139 2384 0

114 2685 138 2702 45

758 97 954 124 EPISTOLAE
973 97 1160 124 SELECTAE.
1199 97 1273 123 1268.
1772 98 1832 128 697

971 221 1057 256 674.

298 276 454 320 Clemens
471 287 489 317 I
499 286 526 316 V
534 297 620 326 papa
636 287 815 328 [quintum]
835 296 1010 326 processum
1034 288 1141 317 contra
1161 286 1378 318 Com-admunt
1401 290 1429 318 et
1452 287 1592 325 fautores
1615 287 1681 317 cius
1696 286 1835 316 habitum

188 339 336 378 publicat.
1506 339 1600 375 1268,
1623 338 1704 376 Apr.
1720 338 1748 369 5.

295 397 372 423 C'Iem.
387 398 502 431 IVRey.
522 398 574 424 Vol.
588 398 615 430 I,
636 401 701 431 246,-
720 398 777 424 Lib.
792 398 844 431 IV,
863 406 919 424 cuer.
933 401 955 424 2,
994 397 1142 430 Eaeemplar
1165 397 1313 431 Raynaldi,
1335 398 1408 423 Anu.
1423 398 1481 424 cccl.
1492 406 1516 423 α.
1532 400 1605 430 1268,
1625 400 1680 428 §4‚
1707 405 1764 422 cum
1784 396 1835 422 Re-

187 441 266 475 qestis
283 441 394 466 contulit
412 441 440 467 V.
457 440 495 467 CI.
506 441 624 467 Monaci.

297 485 422 516 Pofflzast,
443 484 506 518 Regs.
522 487 626 513 20309:
644 484 701 510 BF
708 484 747 510 W.
763 488 836 510 asso.

327 582 386 616 Ad
422 580 736 616 certitudinem
772 580 1043 625 presentium
1078 585 1117 616 et
1151 581 1400 616 memoriam
1436 580 1697 616 futurorum.

294 647 423 678 Dudum
449 647 488 678 ad
512 647 690 688 apostolice
716 646 801 677 sedis
826 647 950 688 perlato
983 648 1144 681 notitiam,
1181 647 1266 688 quod
1291 647 1506 681 Conradinus,
1544 657 1642 687 nepos
1674 645 1835 687 quondam

190 700 344 731 Frideriei
362 700 435 729 olim
454 699 671 730 Romanorum
696 699 907 740 imperatorisq
934 699 1115 730 inconsulte
1139 699 1232 730 nimis
1261 702 1292 729 et
1316 699 1488 729 temerarie
1513 698 1698 728 ambitionis
1723 697 1836 738 spiritu

191 751 368 782 concitatus
404 762 467 781 non
499 751 601 781 solum
633 750 671 781 ad
706 750 913 781 obtinendum
945 750 1125 781 Romanum
1167 750 1343 781 conabatur
1384 750 1568 791 imperium,
1614 748 1671 779 sed
1706 752 1738 779 et
1777 748 1836 779 sibi

191 813 326 844 regnum
356 802 465 833 Sicilie
496 802 661 833 intitulare
694 813 754 832 non
787 803 929 834 veritus.
966 802 1024 833 sub
1055 802 1199 833 eiusdem
1230 802 1319 843 regni
1348 802 1441 832 titulo
1475 801 1535 831 sibi
1564 811 1681 831 nomen
1712 800 1835 840 regium

193 854 388 888 ascribebat,
413 853 561 895 quodque
588 865 658 884 cum
678 854 838 894 aliquibus
858 854 996 884 inimicis
1022 854 1159 885 ecclesie
1179 853 1378 884 diversarum
1398 853 1492 884 ltalie
1516 853 1655 894 partium
1680 852 1836 882 scelestas

192 907 295 937 iniens
326 906 497 937 factiones.
535 916 608 936 suas
638 916 695 946 per
728 906 877 936 civitates
906 910 938 936 et
968 906 1038 936 loca
1063 906 1151 936 varia
1181 905 1239 935 sub
1272 905 1429 946 premissa
1464 904 1682 934 intitulatione
1712 902 1836 944 typario

192 958 279 999 regie
299 958 476 988 maiestatis
499 957 674 998 impressas
700 957 822 987 litteras
848 957 1047 990 destinando,
1073 957 1204 987 turbare
1228 967 1341 998 pacem
1368 956 1506 987 ecclesie
1524 966 1561 986 ae
1578 955 1730 996 populum
1749 964 1836 984 com-

191 1019 321 1040 movere
348 1010 378 1039 in
405 1012 546 1039 nostrum
578 1013 610 1039 et
641 1009 741 1049 ipsius
774 1009 912 1039 ecclesie
943 1020 979 1039 ac
1012 1009 1171 1039 carissimi
1200 1009 1231 1039 in
1257 1008 1387 1038 Christo
1413 1008 1469 1038 filii
1495 1007 1594 1037 nostri
1619 1006 1725 1036 Caroli
1751 1005 1837 1046 regis

192 1060 299 1091 Sicilie
331 1061 462 1091 illustris
490 1060 663 1091 discrimen
696 1064 728 1091 et
760 1060 970 1101 preiudicium
1002 1061 1177 1091 nitebatur:
1214 1071 1271 1090 nos
1297 1060 1328 1090 in
1353 1060 1435 1090 festo
1461 1058 1673 1089 dedicationis
1698 1057 1837 1087 Basilice

191 1112 358 1143 beatorum
391 1112 608 1153 apostolorum
635 1111 722 1142 Petri
752 1116 783 1142 et
806 1112 898 1142 Pauli
928 1112 1132 1153 pontificatus
1164 1112 1263 1142 nostri
1296 1122 1378 1142 anno
1410 1110 1550 1141 secundo
1581 1111 1611 1140 in
1643 1109 1701 1139 hac
1727 1107 1837 1138 maiori

192 1164 332 1194 ecclesia
350 1163 566 1196 viterbiensi.
592 1167 745 1205 presente
770 1167 845 1194 tunc
872 1164 1076 1194 multitudine
1101 1164 1230 1204 copiosa
1253 1163 1407 1199 fidelium,
1433 1162 1472 1192 de
1497 1162 1629 1192 fratrum
1654 1164 1837 1191 nostrorum

191 1216 324 1246 consilio
361 1215 465 1246 eidem
502 1215 685 1245 Conradino
719 1215 864 1246 districte
900 1216 1120 1256 precepimus.
1160 1218 1195 1245 ut
1230 1226 1247 1245 a
1282 1215 1447 1255 premissis
1482 1214 1608 1254 penitus
1648 1211 1837 1246 abstineret,

191 1266 368 1298 districtius
405 1267 604 1298 inhibentes.
648 1278 686 1297 ne
725 1267 837 1297 similia
876 1267 1012 1297 ulterius
1052 1270 1254 1308 presumeret
1287 1270 1342 1297 aut
1381 1264 1621 1307 quomodolibet
1657 1265 1838 1304 usurparet.

192 1318 418 1350 Prohihuimus
447 1319 543 1349 etiam
573 1319 734 1350 universis
758 1321 810 1349 cic.
828 1321 861 1349 ut
877 1330 912 1358 J».
931 1320 1002 1355 607,
1034 1319 1089 1349 cin.
1105 1320 1147 1349 20
1172 1337 1211 1341 ——-
1232 1329 1264 1357 μ.
1283 1319 1353 1354 (168,
1381 1318 1437 1349 lzssn.
1454 1320 1474 1347 ὃ
1498 1327 1607 1356 usquc:
1640 1315 1838 1346 subiacerea⁸

293 1370 439 1412 Cumque
466 1371 608 1412 prefatus
635 1371 850 1402 Conradinus,
876 1374 1043 1412 precepta.
1071 1370 1278 1401 inhibitiones
1304 1374 1335 1400 et
1361 1369 1628 1399 comminationes
1654 1365 1837 1397 huiusmodi

191 1426 439 1463 presumptuose
464 1427 696 1463 contempnens
722 1428 752 1451 et
779 1433 980 1463 nequaquam
1008 1423 1174 1452 abstinens
1199 1433 1217 1452 a
1242 1421 1425 1462 premissis,
1452 1431 1525 1451 suos
1552 1420 1581 1450 in
1607 1419 1723 1449 Tuscia
1748 1417 1839 1448 dice-

191 1476 279 1504 retur
308 1474 442 1504 vicarios
472 1474 636 1504 ordinasse
665 1476 716 1505 νίν,
741 1477 771 1503 ecl
799 1485 828 1512 J».
853 1477 922 1509 0253,
952 1474 1007 1504 lm.
1030 1477 1072 1503 ,ἶίῐί
1096 1492 1135 1495 —-
1156 1484 1187 1511 p.
1210 1475 1284 1506 (534,
1317 1473 1371 1503 lin.
1394 1475 1415 1501 ’Δ
1445 1482 1556 1510 usquc:
1587 1482 1623 1501 ac
1653 1469 1840 1511 specialiter

191 1525 311 1556 incolas
333 1526 429 1556 castri
447 1527 556 1557 Sancti
575 1526 699 1556 Miniati
718 1525 847 1556 Lucane
866 1525 1003 1556 diocesis
1019 1527 1036 1559 ¹³
1062 1525 1114 1566 qui
1139 1525 1255 1566 spretis
1272 1526 1324 1556 ctc.
1341 1526 1374 1554 ut
1386 1535 1421 1562 [ι.
1441 1525 1510 1559 00¹4,
1535 1523 1590 1552 lin.
1609 1523 1713 1551 3--21
1729 1530 1839 1559 'ztsqucs

191 1577 341 1607 duximus
366 1577 577 1608 innodandos.

295 1628 434 1659 Demum
459 1640 534 1660 vero
560 1630 589 1659 in
617 1630 699 1659 festo
724 1628 938 1659 dedicationis
964 1628 1102 1658 Basilice
1128 1628 1287 1668 Principis
1313 1627 1558 1668 Apostolorum,
1595 1636 1650 1667 pro
1683 1635 1720 1655 eo
1754 1622 1839 1664 quod

192 1680 275 1711 idem
291 1680 493 1711 Conradinus
512 1682 653 1722 prefatas
674 1685 799 1711 nostras
817 1680 1024 1710 inhibitiones
1041 1682 1091 1710 οἶς.
1108 1682 1138 1709 11!
1152 1692 1183 1719 [ι.
1199 1681 1268 1713 (104,
1287 1679 1483 1709 l1'717.1?;l—.²)';3
1500 1688 1607 1716 usquc:
1624 1676 1837 1718 proclamans-

192 1732 272 1762 alias
297 1736 407 1763 eontra
433 1732 653 1763 inhibitiones.
684 1732 950 1762 connninationes
984 1736 1015 1761 et
1040 1731 1219 1761 sententias
1245 1730 1407 1772 predictas
1433 1734 1555 1760 temere
1581 1727 1754 1759 veniendo:
1780 1737 1837 1756 nos

192 1783 230 1814 de
255 1784 386 1814 fratrum
413 1784 587 1815 eorundem
614 1784 745 1814 consilio
765 1783 982 1814 Conradinuin
1007 1782 1145 1813 eundem
1176 1783 1206 1812 in
1237 1783 1296 1813 hae
1326 1782 1438 1813 eadem
1469 1781 1609 1812 eeclesia
1634 1778 1836 1810 denuntiavi-

193 1846 261 1865 mus
290 1836 387 1866 latam
420 1837 451 1866 in
477 1847 549 1866 eum
581 1847 638 1877 per
673 1846 730 1865 nos
767 1839 800 1865 ut
834 1835 1027 1876 premittitur
1059 1834 1404 1864 excommunicationis
1436 1832 1631 1863 sententiam
1664 1830 1837 1860 incurrisse

191 1888 242 1916 etc.
260 1888 294 1916 ul
311 1897 343 1925 p.
363 1890 432 1924 (ἰδέ,
458 1888 513 1919 lm.
531 1889 571 1917 41
597 1907 635 1909 A
657 1898 688 1926 l)-
707 1889 776 1920 055,
802 1887 858 1917 lin.
879 1889 916 1916 Π
943 1896 1049 1925 usquc:
1074 1887 1268 1917 tenebantur
1293 1885 1407 1916 eidem.

294 1939 416 1969 Omnes
442 1950 515 1970 vero
540 1943 572 1970 et
596 1939 754 1979 singulos,
787 1939 838 1979 qui
869 1938 971 1968 eidem
999 1937 1180 1968 Conradino
1211 1938 1241 1967 in
1275 1937 1426 1978 predictis
1456 1939 1639 1977 prestarent
1670 1934 1836 1965 auxilium,

192 1991 359 2021 consilium
392 1992 440 2022 vel
472 1992 629 2022 favorem.
665 1994 697 2021 et
726 1990 908 2031 specialiter
932 1989 1129 2020 Ludovicum
1160 1989 1273 2019 duceni
1299 1988 1452 2019 Bavarie⁴
1484 2012 1490 2018 .
1509 2013 1515 2018 .
1541 1987 1690 2018 comitem
1715 1984 1838 2026 Tyroli,

192 2042 311 2073 Bosum
344 2043 383 2073 de
414 2043 573 2079 Dovaria,
607 2042 811 2072 Mant'redum
842 2041 951 2077 Malet,
990 2041 1043 2082 qui
1075 2052 1109 2071 se
1142 2041 1291 2071 comitem
1323 2040 1534 2070 camerarium
1569 2037 1768 2073 nominabat,
1806 2040 1838 2066 et

191 2094 375 2125 Com-adum
400 2094 533 2131 Trinza,
559 2105 637 2135 quos
668 2093 827 2124 notorium
857 2096 926 2123 erat
955 2093 1015 2133 ipsi
1041 2092 1224 2122 Conradino
1249 2093 1279 2122 in
1305 2091 1456 2133 predictis
1487 2091 1639 2121 assistere
1670 2090 1836 2130 ipsumque

191 2146 309 2181 fovere,
336 2150 526 2187 ceterosque
545 2145 758 2178 marchiones,
784 2145 929 2181 comites,
955 2144 1092 2174 barones
1118 2147 1150 2174 et
1175 2143 1265 2179 alios,
1290 2144 1521 2183 cuiuscumque
1546 2142 1651 2171 forent
1668 2139 1836 2181 dignitatis

191 2200 246 2228 aut
270 2201 382 2228 status.
409 2198 463 2239 qui
488 2198 556 2228 eius
582 2198 716 2228 nuncios
741 2207 797 2227 seu
822 2196 946 2226 litteras
972 2199 1084 2226 eontra
1109 2194 1271 2236 predictas
1297 2195 1507 2225 inhibitiones
1534 2196 1660 2223 nostras
1679 2191 1836 2222 veniendo

191 2250 362 2280 temerario
388 2260 469 2280 ausu
494 2254 688 2290 receperant
712 2259 769 2279 seu
793 2249 874 2278 alias
900 2248 1110 2289 prestiterant
1143 2246 1246 2277 eidem
1278 2247 1449 2283 auxilium,
1480 2245 1647 2276 consilium
1672 2244 1721 2274 vel
1748 2244 1835 2273 favo-

192 2311 272 2337 rem,
305 2301 659 2331 excommunicationis.
692 2300 837 2330 civitates
863 2310 957 2329 vero.
988 2302 1095 2329 castra
1121 2302 1153 2328 et
1185 2302 1293 2329 cetera.
1322 2298 1405 2330 loca.
1437 2308 1498 2338 que
1524 2296 1684 2337 predictas
1711 2298 1837 2325 nostras

191 2353 399 2383 inhibitiones
431 2356 543 2383 contra
572 2353 658 2393 ipsas
691 2351 848 2382 veniendo
881 2353 1162 2391 contempserant.
1198 2349 1360 2380 interdicti
1394 2349 1630 2379 deelaravimus
1666 2347 1835 2378 sententiis

192 2404 361 2435 subiacere
397 2415 433 2434 ac
464 2403 692 2434 nichilominus
729 2402 768 2434 de
803 2413 884 2433 novo
918 2413 958 2432 ex:
995 2401 1118 2432 eisdem
1153 2401 1274 2438 causis,
1310 2401 1461 2440 exigente
1496 2398 1704 2441 proculdubio
1741 2402 1836 2429 aucta

192 2466 301 2486 eorum
326 2467 367 2486 ex
391 2455 471 2486 tanti
498 2455 649 2496 temporis
674 2454 913 2485 continuatione
938 2453 1088 2494 perfidia,
1119 2452 1276 2483 similibus
1309 2452 1478 2482 sententiis
1504 2451 1653 2481 duximus
1678 2450 1835 2480 innodan-

192 2507 260 2538 dos.
308 2507 499 2548 Specialiter
523 2510 630 2537 autern
657 2510 774 2536 terram
799 2505 968 2536 memorati
993 2503 1148 2534 Ludovici
1179 2503 1267 2534 ducis
1294 2503 1446 2536 bavarie
1479 2503 1538 2532 nisi
1569 2502 1635 2532 dux
1659 2503 1728 2543 ipse
1754 2502 1836 2532 infra

192 2559 272 2589 duos
304 2558 453 2589 mensesb
478 2557 596 2588 exinde
625 2557 856 2598 computandos
885 2566 1017 2597 prorsus
1043 2566 1060 2586 a
1085 2555 1261 2586 Conradini
1292 2554 1437 2585 eiusdem
1468 2554 1499 2584 in
1529 2554 1695 2594 premissis
1724 2553 1834 2583 favore

294 2671 317 2701 ⁸)
337 2671 407 2703 cjlp.
422 2672 477 2700 683,
496 2670 541 2694 lin.
551 2671 592 2695 30.
682 2669 706 2699 b)
725 2671 752 2694 in
770 2670 885 2702 marqine
905 2670 1010 2701 leyitur:
1028 2662 1078 2694 not.

298 2739 322 2768 1)
342 2738 386 2764 De
405 2740 491 2763 castro
510 2737 592 2764 Podii
612 2737 706 2763 Bonm'
724 2737 794 2769 αἴῃ.
810 2741 866 2769 674,
884 2740 938 2762 not.
953 2740 975 2763 3.

295 2789 358 2815 Bm.
372 2789 450 2815 ΡοΝΤ.
465 2789 513 2815 III.
1595 2785 1629 2810 88
