2106 2979
119 523 178 543 Ι“111’.
191 528 208 543 ·.’.

222 526 250 543 li,

269 107 330 136 (336
833 104 879 129 Ex
900 102 1103 130 CLEMEN'PIS
1123 102 1159 127 IV
1174 101 1355 128 REGISTRO

271 255 308 262 ..
338 227 620 269 Bituricensi‚
659 255 695 262 ..
734 227 1030 269 Narbonensi,
1067 253 1104 262 ..
1141 226 1386 261 Senonensi
1424 228 1465 261 et
1503 254 1540 261 ..
1569 226 1914 271 Rothomagensi

270 287 592 331 archiepisopis
629 290 667 322 el
698 315 705 322 .
728 315 735 322 .
772 288 908 332 priori
941 287 1275 322 Predicatorum
1313 289 1354 321 et
1383 314 1421 321 ..
1458 286 1662 322 miliistro
1699 287 1913 322 Minorum

411 348 592 383 fratrum
622 348 972 392 provincialibus
1000 347 1183 382 Francie
1216 349 1257 382 et
1286 375 1293 382 .
1320 374 1327 382 .
1361 347 1527 382 decano
1561 347 1775 383 Remensi.

373 413 422 443 De
454 424 616 444 venenoso
647 424 780 454 genere,
818 414 906 444 velut
940 413 979 444 de
1009 413 1117 444 radice
1150 413 1273 443 colubri
1306 413 1465 443 virulenta
1497 414 1690 454 progenies,
1726 414 1915 445 Manfredus

271 464 430 506 quondam
456 465 604 506 princeps
630 465 825 496 Tarentinus
851 476 1021 506 egressus,
1055 465 1095 495 ab
1126 465 1257 494 ineunte
1291 467 1376 494 etate
1400 465 1542 505 paternis
1569 475 1602 495 se
1629 466 1832 496 conformans
1857 476 1914 496 ne—

271 517 378 556 quitiis
404 517 490 546 nisus
521 521 583 551 est,
615 520 768 558 (plantum
794 517 908 558 potuit,
939 520 1108 558 paternam
1134 516 1283 546 sevitiam
1314 526 1479 557 superare.
1527 516 1604 553 Qui,
1639 517 1722 547 sicut
1745 517 1861 558 impius
1886 517 1917 547 in

270 568 418 609 pessimis
443 569 538 599 rebus
568 569 733 603 exultans,
767 569 924 609 gloriatus
950 572 1000 599 est
1025 579 1097 599 esse
1123 578 1159 598 ac
1185 568 1248 598 dici
1273 568 1411 598 ecclesie
1436 571 1641 608 persecutor,
1667 568 1705 599 ad
1731 568 1915 610 depressio-

270 630 342 650 nem
374 620 554 651 orthodoxe
587 620 675 657 fidei,
713 621 955 651 enervationem
992 621 1068 651 iuris
1105 619 1317 650 ecelesiastici
1355 623 1387 649 et
1424 620 1531 660 iugem
1562 620 1779 651 turbationem
1810 620 1917 657 Italic,

270 675 365 713 prout
390 675 480 713 patet
504 683 560 712 per
585 682 694 713 opera,
719 672 918 714 dampnabili
943 672 1160 713 progenitoris
1187 671 1364 702 imitatione
1390 672 1566 712 suspirans.
1606 672 1643 702 In
1669 682 1731 713 qua.
1749 672 1916 702 voluntate

270 723 391 764 perfida
416 734 477 754 non
509 724 611 754 solum
641 734 854 765 perseverans
885 723 942 754 sed
974 734 1139 761 crescens,
1174 726 1327 764 quantum
1354 723 1386 753 in
1412 733 1449 753 eo
1474 726 1539 757 est,
1576 723 1788 765 prophanavit
1813 734 1915 762 saera,

271 775 424 814 religiosa
448 774 583 809 sedavit,
615 775 773 806 destruxit
797 775 971 811 eeclesias,
1001 775 1117 805 afflixit
1141 775 1226 805 viros
1252 775 1491 805 ecclesiasticos
1516 778 1548 805 et
1572 775 1668 813 alios,
1701 779 1766 805 tam
1791 775 1916 805 nobiles

271 837 365 867 quam
391 827 578 867 populares,
613 830 644 857 et
676 828 808 868 pupillis
841 831 873 858 et
897 827 1001 858 viduis
1032 838 1095 857 non
1123 826 1285 868 pepercit,
1321 827 1401 857 alias
1431 827 1560 857 molitus
1593 827 1667 857 totis
1692 827 1813 858 viribus
1839 837 1915 857 con-

272 883 399 919 ceptum
425 879 512 908 virus
547 878 712 909 effundere
744 890 781 909 ac
814 879 1033 920 iniquitatem,
1068 882 1131 909 tam
1164 879 1306 908 innatam
1339 889 1433 919 quam
1459 889 1478 908 a
1506 882 1597 920 patre
1629 882 1855 920 propagatam,
1886 879 1917 908 in

270 934 404 960 matrem
441 930 610 960 eeclesiam
647 931 813 971 parturire.
875 931 917 961 Et
951 934 986 961 ut
1020 931 1142 961 adsue
1179 931 1368 961 intentionis
1403 930 1568 971 perfidiam
1604 934 1714 972 posset
1748 931 1917 972 pervenire

270 982 411 1019 facilius,
447 981 634 1013 Sarracenis
667 986 698 1013 et
727 983 798 1013 aliis
823 983 961 1013 inimicis
988 983 1125 1013 ecclesie
1150 983 1181 1013 in
1207 982 1459 1013 Christianorum
1491 983 1695 1024 dispendium
1727 983 1859 1024 speciali
1883 993 1917 1014 se

271 1034 410 1064 amicitia
443 1034 615 1075 copulavit.
662 1034 752 1065 Idem
783 1045 908 1076 quoque
938 1045 1073 1075 regnum
1100 1034 1222 1070 Sicilie,
1259 1034 1300 1064 ad
1324 1034 1503 1065 Romanam
1534 1035 1705 1065 eeclesiam
1739 1035 1917 1076 pertinens,

271 1089 305 1115 ut
330 1085 367 1116 de
393 1086 463 1116 aliis
489 1090 668 1123 taceamus,
695 1087 850 1117 invadens
876 1097 912 1116 ae
938 1087 1121 1127 regnicolas
1146 1086 1282 1127 perfidia
1307 1086 1481 1116 inhumana
1505 1090 1719 1123 contractans,
1744 1090 1919 1127 quantumst

272 1149 313 1168 ex
338 1138 438 1179 ipsius
462 1138 554 1178 regni
579 1138 694 1178 opibus
719 1138 804 1168 ledat
830 1139 1020 1173 eeclesiam,
1054 1138 1161 1168 turbet
1186 1137 1313 1168 Italiam
1346 1142 1377 1168 et
1410 1138 1489 1168 alias
1523 1140 1619 1169 etiam
1645 1142 1785 1170 remotas
1811 1142 1917 1180 partes

273 1190 466 1225 eoncutiatb,
495 1200 557 1220 non
583 1190 685 1220 solum
712 1190 823 1220 vicinis
848 1193 897 1220 est
922 1193 1044 1224 notum,
1070 1189 1126 1220 sed
1151 1189 1189 1220 ad
1216 1192 1378 1220 extremos
1404 1190 1489 1220 orbis
1514 1191 1648 1231 angulos
1674 1191 1736 1221 iam
1762 1191 1917 1232 pervenit.

272 1241 313 1271 Et
330 1241 405 1271 lieet
427 1241 566 1271 ecelesia
590 1245 752 1282 tamquam
779 1242 831 1283 pia
855 1246 957 1272 mater
982 1243 1077 1282 longo
1096 1246 1242 1282 tempore
1268 1241 1520 1272 dissimulaverit
1546 1243 1615 1277 ista,
1642 1242 1787 1279 eredens,
1812 1246 1846 1272 ut
1863 1243 1917 1273 illc

271 1293 311 1323 ad
341 1303 394 1323 cor
423 1293 551 1323 rediens
582 1293 796 1334 penitentiam
829 1298 941 1334 ageret
973 1293 1012 1324 (le
1046 1294 1244 1323 commissis:
1279 1294 1353 1334 quia
1378 1297 1485 1324 tamen
1510 1293 1549 1324 de
1575 1294 1626 1325 die
1652 1295 1683 1324 in
1709 1294 1794 1325 diem
1820 1294 1919 1325 fiebat

272 1345 412 1375 deterior
431 1349 462 1374 et
485 1345 593 1385 peiora
618 1345 780 1385 peioribus
806 1345 1002 1380 cumulabat,
1028 1345 1165 1385 quadam
1186 1344 1363 1375 inevitabili
1388 1346 1586 1376 necessitate
1612 1346 1755 1387 oportuit
1779 1356 1836 1376 nos
1861 1356 1918 1386 pro

272 1397 409 1427 ecclesie.
436 1396 621 1426 defensitare
647 1397 800 1426 athletam
827 1407 991 1427 assumere
1017 1397 1188 1438 ipsumque
1214 1397 1340 1437 erigere
1366 1396 1404 1427 ad
1430 1397 1515 1427 illius
1533 1398 1725 1438 proterviam
1745 1397 1917 1428 retunden-

270 1448 352 1478 dam.
407 1449 505 1479 euius
539 1449 584 1479 rei
616 1460 713 1479 eausa
744 1449 945 1479 carissimum
978 1449 1008 1479 in
1035 1449 1164 1479 Christo
1190 1449 1289 1479 filium
1322 1453 1465 1479 nostrum
1490 1448 1646 1479 Karolum
1671 1459 1781 1489 regem
1809 1448 1917 1480 Sicilie

271 1501 443 1533 illustrem,
470 1511 565 1541 quem
591 1511 678 1531 more
705 1501 949 1542 progenitormn
975 1511 1105 1531 suorum
1131 1501 1310 1541 apostolica
1336 1500 1429 1530 sedes
1455 1511 1583 1542 semper
1608 1501 1730 1531 invenit
1754 1501 1794 1530 ad
1819 1500 1917 1531 bene-

271 1552 391 1593 placita
416 1563 473 1582 sua
498 1556 660 1593 paratum,
698 1553 882 1583 vocavimus
917 1552 955 1583 ad
982 1552 1163 1583 huiusmodi
1195 1553 1361 1591 negotium
1393 1553 1487 1593 eique
1511 1552 1690 1593 pradictum
1719 1563 1852 1593 regnum
1879 1553 1918 1583 de

271 1605 404 1634 fratrum
430 1608 609 1634 nostrorum
635 1605 768 1635 consilio
794 1605 945 1634 duximus
971 1604 1215 1639 conferendum,
1240 1605 1331 1634 firma
1356 1615 1411 1645 spe
1438 1604 1618 1644 fiduciaque
1643 1608 1809 1641 tenentes,
1834 1604 1918 1645 quod

272 1666 328 1696 per
360 1656 460 1696 ipsius
496 1656 736 1693 strenuitatem,
773 1656 961 1687 fidelitatem
994 1660 1025 1686 et
1055 1657 1234 1697 potentiam
1269 1656 1353 1686 idem
1385 1667 1518 1697 regnum
1544 1659 1654 1697 optata
1679 1667 1759 1697 pace
1784 1656 1919 1693 fruetur,

271 1707 427 1747 gaudebit
453 1707 560 1743 Italia,
594 1719 612 1737 a
637 1707 730 1738 bellis
755 1712 786 1738 et
811 1708 1051 1739 turbationibus
1077 1708 1238 1738 intestinis
1264 1708 1451 1748 quiescens,
1483 1708 1606 1749 imperii
1632 1708 1792 1738 Romanie
1818 1712 1920 1739 status

273 1760 500 1789 reformabitur
525 1763 556 1789 et
580 1759 679 1790 Terre
705 1760 825 1790 Sancte
850 1760 881 1790 111
907 1771 1003 1790 manu
1031 1760 1135 1790 valida
1160 1764 1375 1791 succurretur,

377 1810 456 1841 Cum
482 1812 578 1851 igitur
603 1812 685 1841 idem
713 1823 769 1842 rex
795 1823 850 1852 pro
874 1812 947 1842 fidei
974 1812 1133 1842 catholieo
1159 1812 1374 1847 incremento,
1400 1812 1538 1842 ecclesie
1565 1812 1702 1849 honore,
1728 1812 1809 1842 bono
1835 1815 1920 1842 statu

274 1862 371 1892 totius
390 1863 483 1893 Italie
507 1874 542 1893 ae
568 1867 676 1904 optata
696 1864 803 1904 quiete
823 1863 974 1899 fidelium,
1000 1864 1069 1894 zelo
1095 1863 1169 1894 fidei
1189 1867 1220 1894 et
1237 1864 1418 1894 devotionis
1439 1874 1606 1896 aecensus,
1632 1867 1798 1904 assumpto
1818 1863 1921 1893 crucis

274 1914 440 1954 signaculo
471 1918 582 1945 eontra.
614 1915 793 1956 predictum
818 1915 1021 1946 Mant'redum
1055 1920 1085 1946 ct.
1110 1916 1307 1946 Sarraeem‘rs
1332 1916 1467 1945 Lueerie
1494 1916 1643 1956 accingat
1667 1926 1701 1945 se
1726 1915 1862 1945 viriliter
1885 1926 1921 1945 ae

274 1970 438 2007 potenter:
466 1977 537 1998 nos,
562 1967 769 1998 attendentes
795 1968 878 2008 quod
905 1967 1079 1998 Christiani
1106 1968 1234 2009 populi,
1260 1972 1292 1997 et
1316 1968 1455 1997 maxime
1485 1967 1592 2002 Italic,
1617 1968 1767 2001 interest,
1800 1970 1833 1997 ut
1858 1970 1921 1997 tam

275 2017 400 2048 salubre.
427 2019 608 2059 negotium,
640 2031 657 2048 a
682 2020 770 2049 cuius
796 2031 950 2050 successu
975 2019 1139 2061 dependet
1165 2020 1303 2060 plurium
1328 2029 1423 2059 quam
1453 2019 1595 2049 creditur
1624 2019 1855 2059 tranquillitas,
1891 2019 1921 2048 in

275 2080 369 2099 manu
395 2071 467 2100 forti
493 2075 523 2100 et
548 2071 680 2101 robusta
705 2071 875 2112 procedat,
913 2071 1042 2102 Italicos
1068 2075 1099 2101 et
1123 2072 1202 2101 alios
1228 2071 1339 2101 fideles
1369 2071 1407 2100 ad
1439 2071 1498 2100 hoc
1530 2071 1672 2100 salutare
1699 2070 1774 2100 Iesu
1800 2070 1921 2100 Christi

275 2122 438 2151 exercitus
476 2123 667 2162 tyrocinium
705 2134 765 2153 111111
800 2123 902 2152 solum
934 2124 993 2164 piis
1027 2123 1308 2153 exhortationibus
1341 2122 1397 2152 sed
1430 2123 1525 2152 etiam
1562 2121 1921 2163 superhabundantibus

275 2174 384 2210 gratiis
416 2174 610 2205 invocamus,
658 2174 699 2204 Et
729 2178 763 2204 ut
792 2175 930 2204 universi
961 2178 993 2205 et
1018 2171 1136 2212 singuli
1165 2174 1204 2204 ad
1237 2174 1266 2204 id
1300 2185 1338 2204 eo
1370 2174 1524 2204 libentius
1559 2178 1590 2203 et
1615 2174 1789 2204 animosius
1816 2174 1919 2204 inten-

275 2224 365 2257 dant,
406 2236 466 2265 quo
500 2225 617 2256 exinde
649 2226 734 2256 dona
766 2227 960 2267 spiritualia,
997 2237 1057 2267 que
1091 2226 1323 2267 temporalibus
1359 2225 1554 2266 pret'crem'la
1585 2230 1674 2260 sunt,
1716 2226 1922 2266 perceperint

278 2277 413 2317 potiora,
446 2288 517 2312 nos,
549 2277 588 2308 de
618 2278 849 2318 omnipotentis
876 2278 936 2308 Dei
970 2278 1190 2308 misericordia
1215 2281 1247 2308 et
1278 2278 1446 2308 beatorum
1472 2277 1559 2307 Petri
1586 2281 1617 2307 et
1642 2277 1734 2308 Pauli
1760 2277 1920 2318 apostolo-

278 2339 343 2357 rum
381 2328 449 2357 eius
487 2330 678 2360 auctoritate
708 2330 835 2366 conl-isi,
873 2334 904 2360 et
934 2330 991 2360 illa
1022 2340 1116 2371 quam
1148 2330 1242 2359 nobis
1274 2329 1363 2359 Deus
1395 2330 1469 2360 licet
1502 2329 1641 2370 indignis
1672 2328 1793 2370 ligandi
1824 2332 1921 2369 atque

277 2379 422 2408 solvendi
448 2381 582 2410 eontulit
608 2384 779 2421 potestate,
805 2382 962 2417 omnibus,
988 2381 1041 2422 qui
1066 2385 1231 2422 assumpto
1259 2381 1361 2411 crucis
1387 2381 1554 2421 signaculo
1580 2381 1618 2410 ad
1645 2380 1784 2411 eundem
1811 2390 1920 2420 regem

278 2430 349 2459 ituri
379 2441 448 2460 eum
479 2444 515 2461 eo
547 2436 657 2462 eontra
684 2433 886 2463 Maut'redum
916 2437 947 2463 et
971 2434 1165 2463 Sarracenos
1199 2432 1361 2474 predictos
1396 2433 1427 2462 in
1460 2433 1597 2474 propriis
1628 2433 1774 2473 personis
1799 2436 1831 2462 et
1863 2442 1920 2462 ex-

279 2482 384 2521 pensis
410 2484 622 2515 averem-int.
654 2485 782 2524 plenam
808 2496 937 2515 suorum
961 2485 1183 2525 peccaminum
1210 2485 1335 2514 veniam
1361 2484 1566 2522 indulgemus
1593 2488 1624 2514 et
1650 2485 1680 2514 in
1707 2483 1920 2513 retributione

279 2533 433 2562 iustorum
469 2534 579 2564 salutis
609 2540 717 2566 eterne
744 2537 934 2577 pollicemur
964 2540 1182 2576 augmentum.
1230 2536 1285 2565 Eis
1311 2539 1437 2571 autem,
1463 2536 1514 2576 qui
1541 2546 1603 2565 non
1630 2536 1660 2565 111
1684 2535 1821 2576 propriis
1847 2545 1918 2575 per-

279 2585 363 2613 sonis
388 2584 446 2614 l1‹›‹-
473 2586 614 2616 t'eeerint.
641 2587 696 2616 scd
723 2589 751 2617 in
769 2589 835 2618 suis
854 2588 1022 2618 dumtaxat
1048 2588 1201 2628 expensis
1227 2588 1318 2617 iuxta
1343 2587 1533 2617 facultatem
1559 2591 1590 2617 et
1615 2587 1803 2628 qualitatem
1830 2597 1919 2617 suam

381 2744 403 2760 “r
424 2750 450 2763 a·-
471 2746 591 2771 quantum
610 2742 629 2764 l1'
647 2751 652 2765 ῑ
671 2752 699 2766 111·
719 2747 803 2773 posteat
825 2743 948 2767 (aldiraan,
1038 2743 1060 2769 h)
1080 2752 1145 2766 corr.
1162 2751 1191 2766 ur
1214 2743 1355 2766 eom-ittiat⁴

1970 740 1994 758 lo

1971 998 1993 1016 15

1972 1259 1995 1275 30

1974 1774 1984 1790 :5
1987 1775 1998 1790 Ι)

1975 2031 1998 2048 35

1974 2292 1998 2310 4¹)

1974 2551 1998 2569 45
