2106 2979
95 659 116 675 lu

92 1174 116 1192 ¹.¹0

94 1692 118 1708 :e

94 2212 118 2228 io

732 95 930 122 EPISToLAF:
952 97 1140 123 SELECTAE.
1179 98 1252 124 1266.
1749 102 1811 129 ‹315ss

167 181 317 222 exigente
342 181 465 212 iustitia
489 181 589 212 felicis
621 181 853 212 reeordationis
884 183 1099 224 predecessor
1128 188 1237 215 noster
1262 185 1470 216 Innocentius
1502 186 1611 216 multis
1641 190 1811 227 conspecta

168 233 279 271 oculis,
305 233 411 263 multis
429 233 640 274 comprobata
665 233 815 264 sensibus
841 234 1042 275 approbante
1068 246 1158 266 sacro
1183 236 1320 266 concilio
1350 236 1509 268 diffinivit.
1557 237 1621 268 Sed
1648 238 1709 268 iam
1736 248 1812 268 cecc

170 284 274 326 prodit
299 284 329 314 in
355 284 519 325 publicum
544 295 605 314 non
633 285 795 315 transfusa
821 296 892 315 cum
918 286 1040 316 semine
1066 287 1165 327 patris
1191 288 1355 328 iniquitas.
1382 288 1438 318 sed
1463 289 1547 319 avite
1567 290 1673 330 potius
1691 289 1812 319 ambitu

170 335 413 376 magnitudinis.
439 335 528 366 cuius
554 337 582 366 ei
607 346 683 376 sepe
710 337 865 367 memoria
890 337 1073 371 refricatur.
1103 338 1142 368 ad
1168 342 1318 380 nepotem
1344 340 1558 381 improvidum
1591 343 1713 371 temere
1739 352 1811 382 pro-

171 391 302 429 pagata:
327 387 437 428 sicque
462 387 596 417 multum
622 398 818 428 prepropere
843 388 985 419 tumidus
1010 389 1198 420 adolescens
1224 390 1285 420 iam
1312 401 1345 421 se
1371 391 1483 422 scribit
1508 402 1617 432 regem
1637 391 1756 425 Sicilie.
1782 396 1814 421 et

170 449 241 469 eum
266 439 427 479 aliquibus
452 438 589 469 inimicis
614 439 762 471 ecclesie.
787 440 990 473 Lombardis.
1017 440 1213 472 Marchianis
1239 446 1271 472 et
1295 442 1426 475 Tuscis.
1453 442 1569 483 Apulis
1595 444 1691 473 etiam
1717 446 1814 484 atquc

170 490 297 527 Siculis.
321 489 535 521 fraudulentis
561 501 595 521 se
621 491 823 521 commerciis
849 492 1001 532 implicat.
1028 496 1221 533 potestatem
1247 493 1383 524 ecclesie
1409 504 1471 524 non
1497 494 1715 529 considerans.
1741 504 1813 535 que.

169 543 251 572 sieut
274 552 369 572 avum
394 542 463 572 eius
489 541 622 572 nudavit
647 542 779 583 imperio
809 543 874 573 suis
906 544 1114 584 exigentibus
1146 545 1269 574 meritis
1302 548 1398 586 atque
1432 555 1530 586 regno
1557 545 1682 579 Sicilie.
1713 545 1758 575 sic
1783 549 1813 575 et

170 604 243 624 eum
268 594 335 624 iure
361 604 397 624 ao
423 593 543 624 honore
569 594 658 633 regni
688 594 936 624 lerosolimitani
964 595 1102 635 aliisque
1128 595 1350 636 dignitatibus.
1384 596 1475 627 bonis
1501 600 1533 627 et
1558 597 1697 627 iuribus.
1723 597 1812 637 siqua

169 645 278 681 habet.
312 646 438 686 privare
463 645 596 686 poterit.
630 646 689 675 nisi
723 646 784 675 sibi
817 646 949 676 consilio
983 647 1108 676 meliori
1146 647 1312 688 provideat
1337 652 1367 677 et
1392 647 1478 677 sedis
1509 649 1686 689 apostolice
1718 648 1815 678 bene-

170 697 294 738 placitis
319 708 352 727 se
378 700 517 738 coaptet.

272 748 370 778 Porro
397 759 459 779 non
487 749 555 779 sine
581 759 697 788 inagna
729 748 833 779 cordis
862 749 1078 779 amaritudine
1111 760 1213 790 nuper
1245 751 1445 791 accc-pimus,
1478 750 1560 791 quod
1595 751 1739 782 nonnulli
1773 762 1813 781 ex

169 800 229 830 biis
254 800 450 841 principibus
475 803 507 829 et
539 799 685 840 prelatis.
721 800 760 830 ad
791 811 870 840 quos
909 801 958 830 ius
982 801 1123 841 pertinet
1157 801 1298 841 eligendi
1337 802 1541 832 {omanorum
1567 813 1676 843 regem
1702 803 1731 832 in
1757 803 1813 832 im-

170 856 350 892 peratorem
376 851 579 892 postmodum
606 851 871 892 promovendum.
898 852 926 881 in
953 863 1023 882 eam
1042 853 1244 883 devenerunt
1269 853 1448 886 audaciam,
1474 859 1508 884 ut
1533 865 1630 895 super
1655 854 1814 884 eloctione

169 903 340 934 Oonradini
365 902 510 933 eiusdem
536 902 574 933 ad
601 903 770 944 imperium
796 904 938 934 occultos
963 904 1103 934 audeant
1129 908 1160 934 et
1184 908 1312 945 apertos
1331 905 1410 935 inire
1430 909 1598 940 tractatus,
1624 916 1680 935 sue
1699 905 1814 935 salutis

168 956 387 987 immemores,
421 955 529 985 hostes
565 955 685 985 iustitie
715 959 745 985 ct
776 956 893 995 quietis
927 955 1055 996 publice
1086 956 1289 989 turbatores,
1326 967 1396 986 cum
1428 956 1585 987 deberent
1618 967 1680 986 non
1713 957 1814 986 solum

168 1006 354 1038 attendere.
390 1005 473 1046 quod
502 1017 668 1037 assumere
701 1007 911 1046 ineligibilem
942 1007 1017 1037 nulli
1052 1007 1143 1039 licet.
1181 1008 1395 1038 verumetiam
1427 1008 1602 1049 diligenter
1632 1007 1814 1038 advertere.

168 1058 327 1099 quomodo
353 1068 435 1088 nune
461 1058 507 1088 eis
533 1068 702 1098 personam
727 1058 906 1098 quamlibet
931 1059 1027 1089 etiam
1054 1059 1140 1089 omni
1166 1059 1361 1100 exceptione
1380 1060 1532 1090 maiorem
1553 1060 1665 1089 liceret
1683 1059 1814 1099 eligere.

168 1111 307 1140 maxime
332 1109 495 1151 pendente
519 1109 653 1140 duarum
679 1110 874 1140 electionum
900 1110 1032 1149 negotio
1058 1121 1163 1140 eoram
1193 1111 1301 1145 nobis.
1338 1121 1398 1151 que
1423 1111 1553 1141 fuerunt
1577 1111 1616 1141 de
1642 1110 1814 1141 carissimis

170 1162 200 1192 in
226 1162 354 1192 (rin—isto
380 1162 453 1192 tiliis
479 1162 592 1191 nostris
620 1187 624 1190 .
646 1186 650 1191 .
678 1172 752 1201 rege
779 1162 923 1192 (lastelle
954 1166 986 1192 ct
1012 1161 1167 1192 lticeardo
1198 1163 1315 1192 comite
1341 1162 1503 1192 (tm—nume
1533 1163 1562 1192 in
1595 1162 1813 1193 Romanorum

170 1224 276 1254 regem
302 1214 433 1244 electis⁵¹
459 1224 516 1254 per
541 1224 609 1246 eos.
643 1213 681 1243 ad
707 1224 786 1254 quos
812 1214 860 1244 ius
892 1213 1032 1253 eligendi
1059 1215 1217 1254 pertinet,
1252 1215 1281 1243 in
1312 1213 1471 1244 discordia
1498 1214 1672 1245 celebrate.
1721 1214 1814 1244 llune

168 1268 276 1295 autem
302 1275 375 1295 esse
400 1265 514 1306 probat
539 1265 747 1305 ineligibilem
773 1265 869 1295 etatis
895 1266 1072 1295 infirmitas.
1099 1276 1160 1305 quc
1187 1265 1360 1295 inhabilem
1388 1276 1461 1296 eum
1486 1266 1585 1296 efticit
1608 1265 1647 1296 ad
1666 1265 1815 1296 honores.

169 1327 316 1358 eumque.
343 1317 439 1347 etiam
466 1317 490 1346 si
517 1317 694 1356 legitimum
721 1317 890 1346 terminum
917 1317 1090 1357 attigisset.
1116 1328 1186 1347 eum
1214 1321 1320 1347 tamen
1346 1317 1420 1357 eligi
1447 1328 1507 1347 non
1533 1317 1674 1353 deceret.
1699 1317 1752 1357 qui
1777 1316 1816 1347 de

170 1369 432 1410 perseeutoriluis
458 1369 596 1399 ecclesie
628 1369 826 1401 manifestis.
863 1375 926 1398 tam
954 1369 1117 1398 veteribus
1147 1379 1241 1409 quam
1275 1368 1450 1400 modernis.
1484 1368 1614 1398 trahens
1645 1369 1812 1408 originem.

170 1420 250 1450 iusta
278 1424 386 1461 posset
411 1421 470 1450 liae
495 1421 564 1450 sola
589 1421 711 1450 ratione
738 1420 860 1460 repelli.
886 1431 979 1460 quam
1006 1424 1111 1450 tamen
1138 1425 1293 1461 aggravat
1320 1421 1418 1460 ipsius
1444 1420 1610 1450 manifesta
1639 1420 1815 1451 temeritas.

169 1482 230 1512 qua
255 1484 290 1502 se
315 1477 418 1513 parat.
448 1476 482 1502 ut
506 1471 709 1502 evidentibus
736 1475 824 1512 patet
855 1471 994 1501 indiciis.
1028 1471 1066 1501 ad
1096 1471 1275 1501 ltomanam
1305 1472 1476 1502 ecclesiam
1503 1475 1613 1502 contra
1641 1483 1673 1501 se
1701 1471 1814 1501 merito

170 1523 417 1564 provocandam.
463 1524 639 1558 Quocirca.
674 1534 744 1553 enm
775 1523 880 1553 ot'ticio
913 1527 1021 1554 nostre
1059 1524 1222 1553 servitutis
1248 1524 1412 1554 incumbat
1436 1523 1604 1553 fraudibus
1629 1526 1660 1552 et
1685 1523 1815 1552 malitiis

170 1586 393 1616 perversorum
416 1586 593 1605 occurrere.
621 1586 670 1605 ne.
696 1574 780 1615 quod
806 1575 898 1606 absit.
925 1575 1074 1613 neglecta
1100 1575 1227 1605 valeant
1254 1575 1403 1605 incendia
1428 1575 1511 1604 vires
1537 1585 1673 1608 sumere.
1698 1584 1759 1614 que
1785 1574 1814 1603 in

168 1627 244 1667 ipsis
275 1627 374 1657 initiis
404 1627 506 1656 levius
532 1627 759 1667 extinguntur.
786 1637 842 1656 nos
869 1627 898 1656 iu
923 1637 1034 1656 omnes
1059 1631 1089 1656 ct.
1115 1626 1274 1666 singulos.
1305 1627 1535 1666 cuiuscumque
1561 1625 1728 1663 dignitatis
1764 1625 1815 1655 vel

169 1678 378 1709 excellentie.
409 1678 692 1719 archiepiscopalis
727 1678 822 1708 etiam
850 1678 897 1708 vel
924 1678 1119 1719 episcopalis
1158 1682 1213 1708 aut
1244 1678 1377 1708 alterius
1403 1677 1622 1707 ecclesiastice
1648 1677 1697 1706 vel
1724 1687 1814 1707 seeu-

170 1729 259 1766 laris.
286 1730 444 1761 existant.
477 1730 707 1770 cuiuscumque
733 1730 795 1760 sint
818 1729 951 1768 ⁴aradus.
989 1730 1186 1760 condicionis
1213 1730 1261 1759 vel
1288 1729 1408 1759 ordinis
1433 1730 1500 1759 sive
1527 1739 1641 1763 sexus„
1675 1729 1727 1769 qui
1755 1739 1811 1769 per

169 1784 325 1812 tractatus
356 1781 502 1822 publicos
533 1781 581 1811 vel
611 1782 754 1811 occultos
784 1792 840 1811 seu
873 1792 1091 1822 quoscumque
1121 1782 1200 1811 alios
1231 1780 1341 1811 modos
1370 1780 1588 1821 procurabunt
1623 1779 1697 1809 dicti
1727 1779 1811 1809 Con—

169 1833 270 1863 radini
296 1833 528 1874 promotionem
554 1833 583 1863 in
611 1833 828 1863 lt‹:›man‹›1·11111
855 1844 963 1873 regem
990 1833 1038 1863 vel
1066 1834 1291 1874 imperatorem
1322 1836 1377 1863 aut
1409 1831 1589 1862 huiusmodi
1621 1831 1810 1861 tractatibus

169 1885 391 1915 consenserint
426 1885 474 1915 vel
507 1885 565 1915 boe
597 1885 844 1926 procurantibus
883 1885 1004 1915 dabunt
1041 1885 1223 1916 consilium.
1258 1884 1413 1914 auxilium
1448 1884 1496 1913 vcl
1528 1883 1685 1917 favorem,
1722 1885 1753 1912 et
1784 1883 1813 1911 in

169 1946 290 1969 omnes.
315 1937 368 1977 qui
393 1936 432 1966 ad
459 1936 488 1966 id
513 1936 748 1977 procurandum
769 1937 818 1966 vel
836 1936 996 1974 agendum
1015 1937 1233 1966 ‹‘·onv‹‘=nerint.
1259 1934 1600 1965 exe(›mmunieationis
1621 1933 1814 1964 sententiam

171 1988 421 2028 promulganuis.
447 1992 477 2018 ct
503 1988 719 2018 anathematis
745 1999 799 2018 eos
826 1988 952 2018 vinculo
979 1987 1189 2018 innodantes.
1217 1992 1318 2018 terras
1344 1997 1452 2017 eorum
1478 1986 1698 2016 ecclesiastico
1725 1985 1814 2015 subi-

171 2039 272 2069 cimus
298 2039 477 2070 interdicto.
525 2040 613 2080 Siqui
642 2050 715 2069 vero
741 2039 779 2069 ad
805 2039 905 2080 ipsius
938 2039 1130 2070 electionem
1164 2039 1398 2080 processerint.
1433 2039 1457 2068 si
1492 2038 1653 2078 principes
1686 2037 1814 2069 fuerint.

171 2102 225 2121 eos
248 2095 280 2121 et
301 2091 439 2122 heredes
465 2102 575 2122 corum
600 2095 755 2132 perpetuo
782 2091 930 2121 omnibns
955 2091 1059 2122 feudis
1084 2095 1116 2121 et
1141 2090 1327 2123 bonoribus.
1355 2101 1414 2131 que
1440 2089 1479 2119 ab
1506 2088 1650 2119 ecelesiis
1670 2089 1720 2118 vcl
1742 2098 1813 2128 per-

171 2143 258 2172 sonis
283 2143 515 2173 ecclesiasticis
540 2143 702 2174 obtinent.
736 2147 767 2173 et
792 2147 856 2173 tam
888 2154 943 2171 eos
969 2153 1063 2183 quam
1092 2143 1315 2183 p‹.›steritatem
1342 2151 1451 2171 eorum
1478 2151 1579 2181 nsque
1605 2140 1644 2170 ad
1670 2143 1814 2180 quartam

169 2195 415 2234 generationem
439 2195 506 2224 iure
532 2194 672 2234 eligendi
699 2194 917 2224 Romanorum
944 2205 1053 2233 regem
1078 2194 1253 2234 apostolica
1286 2193 1480 2223 auctoritate
1507 2192 1684 2232 privamus.
1712 2195 1743 2220 et
1769 2190 1814 2220 in-

170 2255 268 2286 super
292 2245 468 2276 eorundem
498 2246 580 2275 tilios
610 2246 743 2276 clericos
774 2256 874 2286 usque
906 2246 944 2275 ad
978 2249 1124 2286 quartam
1149 2245 1393 2285 generationem
1420 2243 1585 2273 reddimus
1611 2253 1740 2283 prorsus
1767 2242 1813 2271 in-

171 2296 293 2328 habiles
326 2297 365 2327 ad
396 2297 570 2337 dignitates
597 2298 644 2327 vel
678 2298 835 2328 benefida
864 2298 1088 2327 eeclesiastisa
1119 2296 1304 2326 obtinenda.
1353 2296 1385 2325 si
1411 2306 1488 2324 vero
1521 2295 1678 2324 electores
1705 2293 1814 2322 liuius-

170 2348 254 2379 modi
286 2349 400 2390 prelati
433 2349 565 2379 fuerint.
602 2349 669 2389 ipso
703 2349 787 2379 facto
817 2349 956 2389 depositi
988 2360 1025 2378 ac
1058 2348 1164 2378 nudati
1200 2352 1388 2378 remaneant
1413 2347 1498 2376 omni
1524 2346 1681 2386 dignitate
1707 2344 1813 2374 archi-

170 2400 347 2441 episcopali
372 2404 403 2430 et
428 2400 607 2441 episcopali
633 2404 664 2430 et
689 2401 774 2430 omni
801 2401 1024 2430 ecclesiastico
1053 2400 1206 2430 beneficio
1232 2400 1300 2429 sine
1326 2409 1382 2439 spe
1409 2397 1621 2428 restitutionis
1639 2400 1694 2427 aut
1711 2395 1815 2436 gratie

169 2452 275 2492 aliquo
299 2455 442 2492 tempore
467 2451 650 2481 obtinendo.
698 2454 819 2482 (lmnes
845 2453 957 2482 etiam.
991 2452 1042 2492 qui
1068 2451 1213 2492 predicto
1239 2450 1422 2480 (fonrzulino
1447 2449 1609 2479 astiterint
1634 2448 1684 2478 vel
1710 2447 1814 2478 cidem

171 2503 384 2544 impenderint
419 2503 604 2533 eonsilium.
641 2503 795 2533 auxilium
831 2504 879 2533 vel
915 2504 1058 2533 favorem
1093 2506 1203 2532 eontra
1240 2502 1442 2531 carissimum
1479 2501 1508 2530 in
1546 2499 1675 2530 ('hristo
1716 2499 1815 2528 tilium

170 2559 312 2584 nostrum
331 2554 492 2584 slarolum.
520 2565 629 2584 verum
655 2565 763 2594 regem
789 2555 898 2585 Sicilie
917 2565 935 2584 a
953 2554 1030 2584 sede
1055 2554 1234 2594 apostolica
1251 2553 1470 2583 constitutum.
1497 2552 1527 2581 in
1552 2561 1614 2591 qno
1641 2560 1757 2580 novum
1784 2553 1815 2579 et

172 2606 278 2636 nobile
316 2617 396 2647 opus
433 2606 571 2636 ecclesie
611 2606 701 2635 favor
736 2606 843 2636 divine
879 2606 1014 2636 dextere
1052 2605 1151 2645 signis
1190 2604 1442 2635 evidentissimis
1480 2602 1717 2643 comprobavit.
1760 2610 1814 2630 ex-

273 2730 295 2750 ²¹)
316 2727 368 2748 love
390 2727 413 2750 in
435 2728 502 2750 1:0111,
520 2736 567 2758 regg.
584 2728 670 2751 electis
690 2728 846 2758 stst.S11tl.et
869 2728 942 2751 Nelei.
965 2729 1024 2752 viris
1046 2728 1187 2751 illustribus
1208 2731 1229 2750 et
1252 2726 1401 2755 magnificis.
