2106 2979
301 88 360 116 504
889 85 934 110 EX
956 85 1093 111 URBANI
1114 85 1150 111 IV
1167 84 1345 111 REGISTRO

302 171 330 200 in
358 171 415 201 hae
441 173 532 212 parte
558 171 743 210 neglexerit
765 170 954 212 adimplere,
981 182 1034 201 vos
1061 182 1133 202 eum
1150 171 1189 202 ad
1208 171 1237 201 id
1256 172 1429 202 monitione
1454 172 1610 212 premissa
1627 171 1816 202 auctoritate
1834 174 1945 202 nostra

301 222 518 263 appellatione
545 225 667 252 remota
692 222 816 262 cogatis
843 241 880 244 —
906 233 966 253 non
992 223 1141 253 obstante
1167 226 1227 253 etc.

1095 325 1153 356 ΙΙΙ.

1026 389 1223 423 Eisdem.

404 452 455 482 Ad
473 452 669 483 audientiam
688 456 831 483 nostram
850 454 1007 495 pervenit⁷
1032 454 1115 495 quod
1134 453 1216 485 bone
1235 455 1387 485 memorie
1405 453 1440 484 C.
1459 454 1661 485 Coloniensis
1679 455 1942 496 archiepiscopus

301 504 457 545 quosdam
483 515 668 546 campsores
693 509 753 536 etc.
779 509 813 536 ut
837 507 868 536 in
894 506 1035 537 secunda
1058 507 1205 548 proximo
1230 507 1398 549 superiori,
1423 507 1530 538 verbis
1555 510 1778 548 competenter
1801 506 1944 543 mutatis,

302 567 418 597 usque:
437 556 578 587 Verun1⁸
603 568 673 587 cum
700 557 783 588 inter
807 561 923 597 cetera,
947 569 1008 599 quc
1031 559 1115 589 idem
1140 559 1306 589 arbitrium
1332 559 1524 597 continebat,
1549 559 1609 589 hoc
1634 562 1719 589 essct
1741 569 1942 600 expressum,

302 608 386 648 quod
421 607 525 638 dictus
555 608 591 638 E.
627 609 892 650 archiepiscopus
928 610 1094 641 Coloniam
1133 610 1252 641 intrare
1289 610 1439 647 deberet,
1483 613 1671 652 recepturus
1708 609 1875 641 emendam
1912 610 1943 639 in

298 659 430 689 arbitrio
462 659 531 700 ipso
561 671 751 701 expressam
777 663 808 691 et
832 660 1022 692 fidelitatem
1047 662 1087 692 ab
1113 662 1261 692 omnibus
1292 662 1502 703 supradictis,
1527 665 1559 692 ct
1582 662 1613 692 in
1637 662 1756 703 palatio
1781 672 1837 692 suo
1863 661 1942 692 resi-

299 711 390 741 deret
421 711 610 741 fidelitatem
647 715 837 753 recepturus
868 712 1021 750 eandem,
1057 713 1126 754 ipse
1162 724 1220 755 per
1255 713 1501 755 impressionem
1542 713 1651 755 populi
1689 713 1850 755 quandam
1881 724 1943 744 non

298 763 432 793 rationis
457 762 510 792 scd
536 763 712 793 voluntatis
745 764 940 794 sententiam
970 775 1069 806 super
1097 765 1305 796 restituendis
1334 765 1522 807 proscriptis
1551 765 1630 806 ipsis
1661 765 1783 796 civitati
1816 765 1941 806 prefate

299 814 432 844 dictavit
467 825 524 844 seu
554 825 613 855 per
644 814 801 856 quosdam
826 815 940 846 dictari
965 816 1091 847 nobiles
1124 817 1288 849 toleravit:
1318 817 1407 848 cuius
1437 817 1596 847 sententie
1626 819 1777 858 pretextu
1803 816 1846 846 sic
1870 827 1941 857 pro-

298 865 407 906 scripti
444 866 481 896 ad
525 866 686 896 civitatem
721 866 823 907 ipsam
864 871 1115 911 presumptuose
1157 869 1279 899 reversi
1313 869 1498 900 scabinatus
1538 868 1693 905 officium,
1734 868 1816 910 quod
1857 868 1943 909 prius

298 917 471 957 gerebant,
508 928 673 948 assumere
709 928 745 948 ac
777 929 929 950 amovere
965 919 1053 957 illos,
1091 931 1171 961 quos
1209 920 1239 950 in
1277 920 1461 951 memoratis
1497 920 1612 951 officiis
1643 920 1746 951 dictus
1775 920 1810 952 C.
1839 919 1943 950 archi-

299 969 470 1010 episcopus
489 970 709 1005 constituerat,
735 970 785 1000 etb
803 970 864 1000 sibi
883 970 989 1001 officia
1006 971 1142 1012 pristina
1160 982 1315 1013 usurpare
1339 975 1461 1003 temere
1479 976 1754 1013 presumpserunt,
1781 971 1943 1012 magistris

300 1021 537 1051 fraternitatum
570 1032 626 1052 seu
651 1021 829 1052 officiorum
858 1033 895 1053 ac
920 1023 1042 1053 civibus
1068 1023 1334 1061 Coloniensibus,
1368 1023 1483 1064 quibus
1508 1023 1602 1054 iidem
1627 1023 1773 1064 magistri
1797 1026 1940 1065 presunt,

298 1083 355 1102 eos
373 1072 574 1113 potissimum
593 1073 877 1104 manutenentibus
897 1074 1005 1106 favore
1025 1075 1220 1116 dampnabili
1246 1076 1277 1106 in
1295 1075 1476 1106 huiusmodi
1493 1076 1746 1117 presumptione.
1785 1075 1943 1111 Quocirca

297 1123 483 1154 discretioni
508 1127 614 1155 vestre
640 1136 696 1165 per
721 1125 900 1166 apostolica
923 1127 1044 1167 scripta
1068 1127 1277 1162 mandamus,
1310 1128 1477 1168 quatinus,
1509 1128 1533 1158 si
1559 1131 1608 1158 est
1632 1128 1689 1164 ita,
1715 1128 1800 1158 circa
1823 1126 1942 1157 dictum

298 1174 577 1217 archiepiscopum
602 1176 664 1207 fide
690 1180 721 1207 et
746 1177 928 1208 iuramento
954 1178 1134 1209 huiusmodi
1159 1179 1329 1216 relaxatis,
1363 1179 1465 1210 dictos
1490 1179 1699 1221 proscriptos,
1725 1178 1806 1220 quod
1831 1179 1942 1209 huius-

298 1225 383 1256 modi
400 1227 505 1257 officio
529 1227 660 1258 dimisso
684 1228 847 1259 civitatem
870 1233 990 1259 exeant
1015 1230 1244 1271 supradictam,
1270 1234 1301 1261 ct
1318 1230 1448 1261 eosdem
1473 1231 1644 1272 magistros
1662 1234 1693 1261 et
1716 1231 1802 1262 cives
1828 1230 1942 1272 quibus

297 1281 441 1318 presunt,
466 1278 550 1318 quod
575 1278 614 1308 ab
641 1280 726 1310 omni
751 1290 847 1321 super
864 1280 924 1311 hoc
941 1281 1117 1312 eorundem
1142 1282 1396 1323 proscriptorum
1421 1283 1531 1313 favore
1550 1286 1583 1313 et
1599 1283 1720 1313 auxilio
1746 1282 1941 1313 desistentes

296 1333 327 1360 et
359 1331 406 1361 eis
437 1330 466 1360 in
493 1330 569 1367 hiis,
602 1341 662 1371 quc
687 1331 727 1362 ad
758 1332 878 1362 dictum
911 1333 1098 1364 scabinatus
1130 1334 1269 1364 officium
1300 1334 1478 1376 pertinent,
1509 1335 1695 1365 nullatenus
1727 1333 1942 1369 intendentes,

296 1381 357 1422 ipsi
388 1381 632 1424 archiepiscopo
662 1382 702 1413 ad
733 1384 947 1415 amovendum
977 1385 1064 1426 ipsos
1095 1385 1135 1416 ab
1168 1385 1352 1416 huiusmodi
1377 1386 1481 1416 officio
1507 1389 1538 1416 et
1562 1386 1792 1428 expellendum
1822 1397 1878 1417 eos
1903 1385 1942 1416 ab

299 1433 413 1463 eadem
438 1434 567 1464 civitate
593 1438 786 1475 oportunum
804 1446 840 1465 ac
865 1436 1009 1467 debitum
1027 1437 1183 1468 auxilium
1207 1437 1396 1478 largiantur,
1420 1438 1598 1468 monitione
1622 1438 1780 1479 premissa
1804 1448 1860 1479 per
1884 1448 1941 1468 ex-

296 1485 592 1515 communicationis
618 1486 648 1516 in
673 1497 828 1527 personas
854 1491 903 1521 et,
937 1488 962 1518 si
989 1499 1098 1519 eorum
1126 1489 1315 1530 protervitas
1340 1489 1512 1525 meruerit,
1536 1489 1697 1520 interdicti
1722 1489 1753 1519 in
1779 1489 1942 1520 civitatem

298 1536 525 1567 Coloniensem
559 1536 786 1580 [sententiaslv
810 1540 1025 1581 appellatione
1058 1544 1179 1571 remota
1208 1541 1346 1582 cogatis,
1384 1541 1530 1572 invocato
1564 1541 1602 1572 ad
1632 1541 1692 1572 hoc
1722 1545 1782 1572 ete.
1810 1561 1846 1563 -—
1877 1552 1939 1571 non

295 1588 464 1619 obstanted
489 1589 515 1619 si
540 1589 691 1625 scabinis,
717 1591 953 1632 campsoribus,
982 1593 1145 1633 magistris
1171 1596 1203 1623 et
1232 1593 1356 1623 civibus
1382 1593 1631 1624 Goloniensibus
1657 1593 1868 1623 communiter
1893 1593 1942 1623 vel

295 1639 422 1669 divisim
453 1652 468 1670 a
506 1640 580 1671 sede
616 1642 794 1683 apostolica
829 1643 985 1674 indultum
1019 1645 1153 1683 existat,
1186 1644 1269 1686 quod
1301 1648 1394 1676 extra
1428 1645 1591 1675 civitatem
1630 1644 1856 1675 Coloniensem
1893 1644 1942 1674 vcl

296 1694 418 1721 certum
444 1692 545 1722 locum
571 1693 601 1723 in
626 1693 777 1724 iudicium
803 1696 928 1726 evocari
953 1707 1016 1726 non
1037 1697 1166 1738 possint
1183 1707 1240 1738 per
1258 1697 1383 1727 litteras
1407 1697 1600 1738 apostolicas
1615 1697 1634 1734 ¹,
1660 1699 1721 1727 etc.
1739 1699 1774 1726 ut
1798 1696 1829 1726 in
1848 1696 1942 1726 tertia

295 1743 442 1783 proximo
461 1744 617 1784 superiori
635 1755 751 1785 usque:
772 1745 891 1777 differri
910 1750 941 1777 ct
957 1747 996 1778 dc
1014 1759 1076 1789 qua
1094 1748 1227 1779 deberet
1244 1748 1274 1778 in
1292 1748 1410 1778 nostris
1428 1748 1543 1779 litteris
1559 1748 1628 1779 fieri
1646 1747 1765 1779 mentio
1781 1747 1940 1789 specialis.

401 1794 474 1826 Dat.
495 1795 580 1837 apud
605 1795 886 1837 Urbemveterem,
910 1798 1007 1829 XVII
1022 1799 1190 1831 Kalendas
1214 1799 1394 1839 Februarii,
1419 1810 1502 1830 anno
1528 1799 1592 1830 110.

1076 1997 1160 2034 533.

443 2043 459 2067 Τ
940 2064 943 2067 A
983 2064 986 2068 .
1286 2065 1295 2067 ⁴
1656 2067 1660 2071 .
1717 2067 1721 2071 ,

442 2060 570 2090 ‘flumas
595 2061 651 2091 IV
673 2072 758 2100 palm,
788 2064 890 2092 iratum
919 2065 999 2102 jacit
1031 2074 1061 2093 δι’
1091 2074 1246 2095 (uniamur
1276 2065 1478 2103 spoletanum
1512 2066 1554 2095 ad
1587 2068 1809 2097 1·05t1ta1²20121·m
1840 2069 1940 2096 terrac

299 2111 509 2149 firmatim-«m
532 2112 574 2142 ml
598 2113 645 2142 (Ias
668 2113 808 2143 woleslai:
831 2113 992 2144 Rmmmae
1012 2116 1199 2153 fflertrlncntis
1223 2116 1433 2147 condemnare.
1618 2120 1689 2151 2023,
1714 2119 1784 2148 Ian.
1801 2122 1853 2150 533.

408 2171 467 2196 vrb.
484 2171 526 2196 IV
538 2171 601 2204 Rvy.
624 2172 675 2197 1⁷01.
688 2173 709 2203 Ι,
729 2176 772 2199 66:
795 2173 853 2198 Lib.
868 2174 908 2204 ΙΙ,
928 2175 948 2205 f.
964 2179 999 2205 11⁴,
1020 2173 1058 2207 ‘³1¹-
1074 2179 1110 2201 55.
1150 2175 1303 2209 Ercmplar,
1326 2176 1395 2208 qaod
1418 2176 1537 2208 Thciner,
1566 2177 1625 2203 (sod.
1640 2178 1701 2210 dipl.
1717 2178 1783 2203 dem.
1798 2181 1871 2211 temp.
1886 2181 1902 2204 l.
1918 2179 1939 2209 I,

298 2221 322 2245 p.
338 2217 392 2245 145,
415 2223 438 2238 ιι.
453 2218 498 2239 271
517 2214 606 2245 edidit,
626 2216 783 2241 ‹vntulmms
802 2224 861 2241 cnm
880 2217 1005 2249 liquos-tis.

403 2256 527 2289 Potlhast,
550 2257 612 2290 Ray.
629 2262 724 2289 mars,-
743 2259 846 2285 BFW.
860 2263 934 2285 9308.

747 2357 809 2391 Ad
837 2360 1096 2402 perpetuam
1125 2359 1185 2393 rei
1214 2361 1493 2396 memoriam.

404 2419 486 2450 Olim
513 2421 687 2456 intellecto,
720 2422 803 2463 quod
829 2433 998 2454 commune
1024 2424 1236 2465 Spolctannm
1269 2425 1435 2457 detinebat
1459 2430 1649 2468 occupatam
1675 2431 1792 2458 terram
1818 2427 1935 2458 Arnul-

301 2469 459 2510 phorum²
484 2471 523 2501 ad
547 2472 725 2504 Romanam
751 2475 923 2505 ecclesiam
948 2475 1175 2516 pertinentem,
1208 2487 1264 2507 nos
1289 2477 1443 2508 dilectum
1468 2478 1567 2509 filium
1593 2479 1780 2520 magistrum
1805 2479 1936 2520 Rayne-

403 2626 427 2652 ἢ)
447 2627 584 2658 η1”.]>,.5(ἰ.’ἰ,
605 2629 647 2652 lin.
661 2631 694 2653 16.
783 2629 807 2661 b)
827 2634 851 2655 et
870 2630 936 2655 deest
949 2630 980 2654 R.
1068 2632 1090 2660 c)
1108 2633 1246 2657 sententias
1265 2633 1373 2658 deestR.
1463 2633 1487 2663 (¹)
1507 2634 1543 2658 ita
1557 2634 1588 2658 R.

404 2711 427 2742 1)
449 2710 480 2735 A.
493 2714 562 2743 1262,
586 2712 660 2738 Febr.
678 2718 721 2743 1.'1‚·
741 2714 859 2740 Potelmsc
880 2718 970 2741 18229.
1059 2716 1085 2747 2)
1109 2716 1144 2747 (Ill
1161 2720 1251 2743 111531,

1998 779 2020 796 10

1995 1293 2019 1312 20

1993 1809 2017 1827 30

1988 2726 2013 2744 40
