2106 2979
291 123 350 150 710
850 115 895 141 ax
917 114 1122 141 CLEMENTIS
1141 114 1176 139 iv
1196 113 1374 140 nscis'rso

477 242 533 275 ,iu
568 240 767 275 notitiam
804 239 1079 282 presentium
1117 241 1157 273 et
1190 238 1441 273 memoriam
1475 238 1741 273 futurorum.

390 307 571 337 chaudum
609 310 640 336 ct
676 304 827 335 horribile
868 305 991 334 facinus
1036 305 1201 345 preteritis
1241 304 1356 334 diebus
1394 304 1425 334 in
1461 303 1581 334 Tuscie
1618 303 1764 345 partibus
1802 314 1820 334 a
1854 304 1929 334 viris

289 360 478 398 sanguinum
498 361 718 400 perpetratum
737 367 814 386 voce
839 356 969 397 publica
995 366 1057 386 non
1084 357 1151 386 sine
1176 357 1293 386 mentis
1319 355 1534 386 amaritudine
1552 359 1771 393 recensentes,
1796 355 1837 385 ad
1853 355 1929 385 illud

289 411 497 453 puniendum,
536 420 606 440 eum
638 419 719 450 pena
751 408 880 448 gravior
910 408 962 437 vix
993 407 1134 438 sufficiat
1162 407 1201 437 ad
1232 407 1421 443 vindictam,
1461 418 1499 437 ee
1531 407 1718 437 ferventiori
1751 408 1930 437 attentione

287 463 503 504 procedimus,
541 472 602 502 quo
634 460 712 491 tanti
749 459 886 501 patratio
920 459 1051 489 sceleris
1085 460 1115 489 in
1149 459 1211 489 Dei
1245 459 1397 489 maiorem
1434 458 1661 489 contumeliam
1699 461 1731 489 et
1763 458 1929 495 offensam,

287 514 461 555 apostolice
497 513 581 543 sedis
618 512 765 542 iniuriam
801 514 833 541 et
867 511 1077 551 plurimorum
1111 510 1298 541 scandalum
1339 510 1540 541 redundavit.
1604 509 1684 540 Cum
1725 510 1809 540 enim
1848 509 1930 540 bone

287 567 437 595 memorie
463 589 490 596 ..
520 564 674 594 Silvensis
700 563 895 603 episeopus¹
921 566 953 593 et
983 562 1093 593 dilecti
1119 562 1175 592 filii
1201 587 1232 593 ..
1258 561 1423 593 decanus2
1449 566 1480 593 et
1505 587 1511 593 .
1529 586 1535 592 .
1561 561 1808 592 archidiaconus
1839 560 1931 591 Sala-

287 617 432 650 mantini,
464 615 645 657 quondam-²
668 614 831 644 Arnaldus
862 614 952 644 miles
984 618 1016 644 et
1044 614 1188 644 nonnulli
1215 614 1269 644 alii
1293 613 1332 644 de
1359 614 1509 644 comitiva
1534 617 1565 643 ct
1588 613 1717 644 familiis
1743 612 1930 645 eorundem,

287 669 393 699 clerici
419 672 451 698 et
475 668 563 702 laici,
597 676 652 708 per
676 665 825 695 Tusciam
858 666 1026 695 transitum
1058 666 1203 696 facerent
1228 665 1266 695 ad
1294 665 1430 696 eandem
1456 665 1564 696 sedem
1590 676 1646 706 pro
1671 665 1767 695 certis
1792 664 1931 704 negotiis

286 719 456 752 accessuri,
481 718 718 759 dampnationis
742 717 797 747 filii
820 716 1003 757 Rayncrius
1030 717 1067 747 (10
1086 716 1241 747 Paozisbss
1268 720 1299 747 et
1318 717 1534 758 Scarealupus
1560 716 1598 747 dc
1618 716 1756 747 Safenac
1781 719 1813 746 et
1839 715 1930 745 multi

287 771 442 801 satellites
476 771 649 811 complices
679 768 870 800 eorundem.
907 769 1032 809 equites
1065 772 1097 799 ct
1130 769 1272 810 1101111οεἾ
1309 769 1435 799 illorum
1472 769 1709 810 presentientes
1744 767 1930 805 adventum,

287 823 399 863 positis
418 832 510 852 secus
536 822 596 852 iter
621 820 756 857 insidiis,
782 820 843 850 Dei
869 820 984 851 timore
1010 821 1189 861 postposito
1215 824 1247 851 et
1271 820 1380 851 debito
1405 831 1535 862 prorsus
1560 820 1768 850 humanitatis
1787 819 1930 854 excluso,

287 874 315 903 in
341 874 525 915 episcopum
551 877 582 903 et
607 873 687 903 alios
712 871 876 913 predictos
907 872 1090 902 immaniter
1115 873 1283 910 *irruerunt
1314 876 1345 903 et
1374 882 1428 902 eos
1458 873 1569 913 paucis
1602 872 1762 912 exceptis,
1796 881 1929 912 quorum

284 925 381 966 aliqui
402 928 572 955 evaserunt
590 924 664 964 fuge
682 923 829 965 presidio,
856 923 986 964 quidam
1005 934 1091 957 vero,
1117 924 1169 964 qui
1187 924 1295 954 affecti
1321 924 1508 954 vulneribus
1534 924 1673 958 fuerunt,
1699 923 1789 964 quasi
1814 923 1930 952 mortui

284 977 429 1007 derelicti
465 980 497 1007 et
536 976 633 1017 aliqui
665 975 833 1017 captivati.
876 975 988 1016 spoliis
1020 986 1129 1006 eorum
1161 975 1383 1016 depredationi
1414 975 1642 1006 miserabiliter
1672 974 1808 1009 deditis,
1851 973 1930 1005 cede

284 1028 508 1059 crudelissima
533 1027 762 1058 trucidarunt4.

386 1079 430 1110 Ut.
460 1080 556 1119 igitur
589 1078 691 1120 ll‘¹'⁰l¹¹
723 1082 787 1109 tam
818 1079 994 1120 pernitioso
1028 1082 1061 1109 ct
1091 1079 1275 1109 detestabili
1305 1079 1452 1114 crimine,
1492 1079 1575 1109 sicut
1606 1079 1714 1109 extitit
1745 1078 1928 1109 severitatis

285 1132 439 1172 qualitate
464 1132 700 1172 gravissimum,
727 1131 771 1160 sic
796 1134 978 1171 patratores
1003 1130 1104 1172 ipsius
1129 1130 1207 1160 dure
1232 1135 1357 1171 premat
1382 1131 1538 1171 asperitas
1563 1131 1694 1161 ultionis
1720 1133 1751 1160 et
1775 1141 1930 1171 penarum

284 1194 382 1214 onera
400 1186 568 1213 transcant
592 1182 729 1223 posteris
756 1183 785 1212 111
811 1182 1011 1223 exemplum:
1038 1186 1154 1218 castra,
1180 1182 1271 1212 villas
1297 1186 1329 1212 et
1353 1183 1423 1212 loca
1450 1182 1666 1223 predictorum
1686 1182 1931 1212 malefactorum

284 1238 315 1265 ct
340 1235 416 1268 alia,
448 1235 477 1265 in
504 1234 618 1275 quibus
645 1246 678 1263 se
703 1238 849 1275 tempore
874 1235 992 1275 patrati
1018 1235 1159 1264 criminis
1185 1238 1406 1275 receptarunt,
1432 1238 1589 1276 perpetuo
1616 1234 1780 1275 municipii
1805 1237 1837 1264 ct
1861 1233 1930 1263 uni-

283 1287 443 1316 versitatis
469 1287 536 1316 iure
561 1286 735 1326 privamus,
760 1286 802 1315 ita
819 1285 904 1326 quod
922 1286 1050 1316 deserta
1070 1286 1205 1320 iaceant,
1231 1286 1397 1316 hominum
1417 1286 1648 1316 habitationem
1673 1286 1769 1316 nullis
1792 1296 1931 1326 unquam

283 1338 482 1379 temporibus
502 1338 658 1372 habitura,
684 1338 816 1378 ipsaque
834 1340 1022 1367 remaneant
1039 1338 1265 1367 nichilominus
1290 1338 1320 1367 111
1346 1342 1538 1379 perpetuum
1564 1337 1785 1368 ecclesiastico
1812 1347 1930 1378 suppo-

285 1390 345 1419 sita
369 1389 554 1420 interdicto:
587 1400 644 1419 ue<¹
671 1389 787 1429 aliquis
813 1389 966 1419 sacerdos
992 1393 1046 1419 aut
1071 1389 1208 1420 clericus
1234 1390 1265 1419 111
1290 1390 1353 1419 illis
1380 1400 1547 1419 remanere
1574 1392 1740 1430 presumat
1765 1389 1815 1419 vel
1841 1389 1929 1430 quic-

284 1451 378 1481 quam
403 1441 442 1472 ad
468 1442 723 1471 ecclesiasticum
749 1440 893 1471 ordinem
924 1441 1089 1481 pertinens
1122 1451 1287 1473 exercere.
1334 1441 1493 1471 Habitare
1518 1451 1646 1482 quoque
1670 1440 1929 1481 presumentibus

284 1493 315 1522 in
344 1493 421 1522 locis
452 1492 574 1523 eisdem
606 1496 716 1523 nostra
747 1493 854 1522 taliter
885 1493 1167 1523 animadversione
1199 1493 1383 1534 dampnatis
1416 1493 1447 1522 111
1477 1493 1543 1523 vita
1573 1493 1623 1522 vel
1654 1493 1686 1522 iu
1715 1497 1833 1531 morte,
1870 1492 1929 1522 nisi

284 1545 424 1575 locorum
454 1545 594 1585 ipsorum
625 1545 858 1574 habitationem
891 1544 1052 1578 abiurent,
1090 1549 1293 1575 sacramenta
1324 1545 1546 1575 ecclesiastica
1579 1555 1641 1574 non
1667 1548 1866 1585 prestentur,
1899 1546 1931 1574 et

286 1596 354 1626 iurav
378 1596 534 1626 dictarum
560 1596 769 1626 ecelesiarum
794 1597 865 1626 aliis
891 1597 1099 1636 assignentur
1124 1597 1289 1628 ecclesiis,
1314 1600 1411 1637 prout
1435 1596 1598 1627 diocesani
1623 1596 1765 1626 locorum
1791 1596 1840 1626 vel
1865 1595 1931 1634 alii,

285 1647 323 1677 ad
354 1658 431 1688 quos
462 1648 674 1689 spectaverit.
711 1647 861 1677 duxerint
898 1648 1122 1678 ordinandum.
1184 1648 1296 1678 Dictos
1329 1652 1436 1678 autem
1467 1648 1643 1688 sacrilegos
1674 1651 1706 1678 et
1736 1647 1930 1688 generaliter

284 1709 394 1729 omnes
420 1699 507 1735 alios,
533 1699 586 1739 qui
611 1699 649 1729 ad
676 1699 735 1729 hoc
761 1699 919 1729 dederuut
944 1710 1049 1741 opem-
1064 1701 1115 1730 vel
1140 1711 1285 1740 operam,
1311 1701 1482 1730 consilium
1505 1700 1554 1729 vel
1580 1700 1734 1735 favorem,
1760 1698 1929 1729 denuntia-

285 1760 354 1780 mus
392 1750 733 1781 cxcommunicationis
773 1752 932 1781 sententie
974 1752 1141 1782 subiacere
1182 1762 1218 1781 ac
1259 1751 1487 1782 nichilominus
1532 1751 1850 1781 excommunicamus
1897 1754 1930 1780 et

285 1801 595 1832 anathematizamus
626 1802 772 1833 eosdem:
808 1813 866 1832 nec
897 1803 936 1833 ab
971 1803 1131 1844 aliquibus
1162 1803 1287 1833 absolvi
1317 1804 1447 1833 valeant
1476 1804 1507 1833 111
1540 1803 1651 1833 mortis
1683 1802 1835 1838 articulo,
1870 1802 1929 1832 nisi

285 1852 439 1883 dictorum
458 1854 600 1884 locorum
619 1854 849 1884 habitationem
869 1854 998 1895 loquela
1016 1855 1066 1885 vel
1093 1855 1207 1885 saltem
1233 1858 1322 1887 nutu,
1349 1855 1373 1884 si
1399 1855 1486 1895 loqui
1511 1864 1574 1884 non
1591 1858 1755 1895 poterunt,
1780 1853 1931 1884 duxerint

285 1904 504 1935 abjurandam.
552 1905 644 1940 Quod
671 1906 696 1935 si
722 1916 777 1935 eos
802 1906 925 1936 absolvi
951 1907 1123 1947 contigerit
1148 1911 1179 1937 et
1204 1907 1249 1937 sic
1274 1907 1415 1937 absoluti
1441 1906 1481 1936 ad
1507 1906 1620 1936 eadem
1645 1907 1714 1936 loca
1735 1906 1839 1936 redire
1857 1916 1929 1947 pre-

286 1957 495 1996 sumpserint,
528 1957 577 1986 vel
609 1958 704 1987 etiam
736 1957 760 1987 si
793 1958 931 1987 sanitate
957 1962 1089 1999 recepta
1115 1958 1183 1988 sedi
1209 1959 1386 1999 apostolice
1412 1969 1446 1988 se
1472 1969 1534 1988 non
1561 1957 1822 1999 presentaverint
1846 1957 1929 1987 infra

286 2018 443 2038 mensem.
473 2008 669 2038 satisfacturi
700 2008 739 2038 de
769 2008 917 2050 dampnis
949 2013 980 2039 et
1012 2010 1134 2040 iniuriis
1165 2011 1256 2040 iuxta
1283 2009 1472 2040 mandatum
1496 2009 1633 2039 Romani
1658 2009 1833 2051 pontificiS.
1858 2009 1927 2050 ipso

286 2059 370 2088 facto
406 2060 436 2089 in
470 2059 644 2100 predictam
679 2061 875 2091 sententiam
904 2061 1101 2092 relabantur.
1159 2062 1274 2092 Nullus
1308 2072 1434 2103 quoque
1463 2061 1709 2103 penitentiarius
1738 2065 1849 2090 noster
1878 2060 1927 2090 vel

286 2111 385 2142 alius.
421 2111 471 2140 cui
508 2110 579 2140 data
617 2111 713 2141 fuerit
748 2116 893 2152 potestas
924 2113 1064 2143 anobis
1097 2114 1147 2143 vel
1188 2113 1476 2154 predecessoribus
1517 2113 1635 2143 nostris
1674 2112 1713 2142 ab
1754 2112 1927 2142 iuiectionc

287 2172 437 2191 1113111111111
463 2162 664 2197 absolvendi,
695 2164 796 2204 possit
821 2165 902 2194 tales
928 2165 1096 2195 absolvere
1122 2166 1173 2195 vel
1198 2165 1337 2206 aliquem
1364 2165 1402 2195 de
1428 2164 1581 2205 predictis
1608 2165 1676 2194 siue
1701 2163 1851 2194 mandato
1877 2163 1926 2193 vel

287 2212 417 2243 licentia
441 2213 526 2243 sedis
551 2215 727 2254 apostolice
754 2216 898 2256 speciali.
939 2216 1089 2246 Prefatos
1115 2217 1247 2258 insuper
1271 2216 1357 2247 cedis
1383 2220 1509 2247 actores
1534 2219 1566 2246 ct
1590 2226 1790 2246 successores
1817 2225 1926 2244 eorum

287 2265 433 2294 omnibus
458 2266 594 2300 iuribus,
620 2276 680 2306 que
705 2266 853 2297 obtinent
878 2267 907 2297 111
933 2267 1151 2308 predictorum
1176 2269 1317 2298 locorum
1343 2269 1490 2298 ecclesiis
1517 2271 1547 2298 ct
1572 2267 1642 2297 aliis
1667 2267 1928 2307 quibuscunque,

287 2315 353 2343 sive
388 2316 450 2345 sint
485 2316 649 2347 advocatie
685 2318 752 2347 sive
786 2322 992 2359 patronatus,
1029 2319 1207 2360 apostolica
1239 2320 1432 2350 auctoritate
1465 2320 1637 2361 privamus,
1701 2318 1818 2348 Cetera
1853 2328 1928 2348 vero

288 2376 394 2396 cormn
428 2367 512 2397 bona
544 2368 733 2401 immobilia,
768 2370 882 2410 quibus
909 2371 1057 2400 similiter
1087 2371 1251 2412 privamus
1283 2371 1431 2403 eosdem,
1469 2372 1494 2401 si
1520 2371 1626 2400 forsan
1653 2370 1693 2400 ab
1718 2370 1851 2411 imperio
1877 2369 1927 2399 vel

287 2418 446 2457 aliquibus
471 2419 541 2449 aliis
567 2424 716 2450 tenentur
740 2421 770 2450 in
796 2421 937 2453 feudum.
962 2423 1020 2457 eis,
1046 2423 1106 2452 uisi
1132 2426 1163 2453 et
1189 2423 1247 2463 ipsi
1272 2423 1390 2453 fuerint
1406 2423 1581 2463 participes
1600 2422 1750 2456 criminis,
1775 2425 1929 2451 maneant

288 2470 474 2500 confiscata:
508 2481 641 2510 quorum
673 2472 917 2503 malefactomlm
947 2484 1103 2514 personas
1134 2475 1215 2504 citra
1248 2475 1358 2504 mortis
1390 2478 1422 2504 et
1449 2474 1659 2504 mutilationis
1690 2473 1870 2514 periculum
1896 2476 1928 2502 ct

289 2520 367 2548 bona
405 2521 532 2550 mobilia
561 2523 733 2553 μοι-1111110111
765 2524 963 2564 quibuslibet
996 2525 1145 2556 fidelibus
1177 2526 1369 2566 exponimus
1400 2527 1528 2567 impune
1558 2536 1594 2555 ac
1628 2525 1728 2554 libere
1759 2524 1924 2565 capienda.

389 2636 411 2653 ²²*
431 2632 531 2661 *inid-'¹¹¹'
548 2633 604 2657 ⁸¹47-
694 2634 717 2657 b,
738 2636 824 2659 PtlZZf-‘i
839 2637 897 2661 Nvlt.
987 2643 1009 2661 ‘J
1030 2638 1232 2669 Squarcialupus
1251 2638 1280 2662 de
1300 2639 1391 2662 Sofeua
1405 2637 1463 2663 Sall,
1552 2637 1576 2664 “J
1596 2646 1640 2669 pro
1659 2637 1720 2661 add.
1736 2637 1793 2660 Sch.

391 2708 413 2731 11
431 2707 536 2731 (lm-sm.
595 2711 620 2737 2)
638 2710 739 2739 Petrus,
757 2712 803 2742 qul
824 2712 979 2737 minoratus
997 2716 1019 2737 el
1038 2716 1131 2746 captus
1150 2717 1201 2741 est,—
1220 2714 1340 2738 J‘otthast
1361 2717 1462 2745 mmm),-
1480 2714 1511 2743 cs.
1528 2713 1600 2744 infru
1619 2713 1666 2738 sul)
1685 2722 1710 2738 a.
1727 2716 1785 2738 638.
1847 2713 1874 2744 3)
1889 2713 1925 2737 In

289 2748 416 2779 ‹iqua-iura
438 2750 499 2773 mllr¹
522 2751 589 2773 Ami
609 2760 687 2783 propr
709 2753 896 2779 ΠΙοηΙνι-ιινεῆί.
957 2758 982 2782 ’11
1007 2755 1121 2781 Famam
1142 2760 1178 2782 fs!
1199 2766 1222 2782 11,
1241 2760 1297 2782 1267
1313 2757 1399 2788 paulo
1417 2759 1480 2781 mite
1501 2755 1561 2781 Dee.
1576 2759 1621 2783 28,-
1639 2756 1671 2786 cf,
1687 2755 1806 2781 Pottlmst
1826 2759 1922 2781 20200.

1986 728 2009 745 lo

1985 985 2008 1003 15

1984 1247 2009 1266 20

1984 1761 2008 1779 30

1982 2018 2006 2036 35

1981 2275 2006 2293 411

1979 2537 2003 2554 45
