2106 2979
46 660 68 676 lu

47 915 68 932 1⁵

46 1171 70 1189 ‘20

48 1691 72 1709 30

52 2205 76 2222 40

680 97 877 123 EPISTOLAE
897 97 1086 123 SELECTAE.
1125 98 1198 124 1262.
1702 100 1761 129 487

119 196 168 221 ea,
192 196 253 227 quc
278 185 363 216 idem
388 185 529 217 nuntius,
561 195 656 225 quein
683 184 722 215 de
747 184 847 214 multa
871 183 1057 224 diligentia,
1090 184 1304 215 sollicitudine
1336 196 1372 215 ac
1405 185 1575 226 prudentia
1600 195 1763 215 commen-

117 237 245 269 damus,
277 247 372 277 qnam
398 236 495 266 etiam
521 246 583 276 que
615 235 729 266 ecdem
755 235 861 265 littere
892 235 1115 271 continebant,
1145 235 1240 276 plene
1265 235 1461 266 advertimus
1485 240 1517 267 et
1543 237 1762 267 intelleximus

118 288 302 328 diligenter,
326 287 458 318 uberem
485 291 538 317 tue
564 286 847 317 011011110111111111111
873 290 1006 316 matrem
1033 286 1205 316 ecclesiam
1232 286 1410 317 devotionis
1436 288 1632 319 affluentiam
1660 299 1699 318 cx
1725 299 1762 317 co

119 339 303 381 specialiter
326 338 432 379 dignis
464 338 594 369 laudum
625 338 727 368 titulis
752 338 941 373 efferentes,
974 337 1059 378 quod
1084 338 1172 378 regie
1199 338 1496 378 circumspectionis
1521 339 1697 373 industria,
1723 339 1762 369 (10

119 391 240 421 honore
270 390 371 431 ipsius
401 389 540 420 ecclesie
570 389 721 427 sollicita,
755 389 891 430 pervigil
925 392 956 419 et
981 392 1119 427 attenta,
1151 399 1203 425 ea,
1238 399 1299 429 que
1325 390 1411 420 circa
1435 391 1599 430 negotium
1624 391 1762 421 Romani

120 442 243 483 imperii
268 441 299 471 in
325 441 519 472 Alemannic
544 440 690 481 partibus
716 440 930 481 disponuntur
953 439 994 470 ad
1019 450 1164 480 presens,
1190 440 1405 481 presentiens,
1435 452 1493 482 per
1517 442 1655 473 eundem
1682 453 1762 472 nun-

121 493 199 523 tium
225 504 283 523 nec
314 503 375 523 non
404 495 436 522 et
459 503 517 533 per
540 492 703 533 predictas
726 492 851 522 litteras
886 491 978 522 nobis
1008 491 1047 521 ad
1081 495 1222 521 nostram
1253 491 1403 532 dictoque
1433 494 1569 524 ecclesie
1600 493 1761 534 premuni—

121 545 239 575 tioncm
264 548 359 586 atque
384 544 542 575 cautelam
569 544 652 574 inter
677 543 740 573 alia
765 544 946 583 significare
971 543 1124 577 decrevit,
1149 543 1287 583 qualiter
1311 544 1505 574 venerabilis
1531 545 1630 575 frater
1654 548 1764 575 noster

135 596 420 637 .archiepiseopus
451 594 661 635 Maguntinus
692 595 748 625 tibi
783 598 815 625 et
847 595 918 625 aliis
953 594 1148 635 principibus
1182 595 1272 635 regni
1299 594 1495 630 Theutonie,
1524 596 1561 626 1111
1595 607 1672 637 quos
1702 596 1763 626 lto-

121 658 288 678 manorum
313 647 398 688 regis
428 647 459 677 in
484 647 710 687 imperatorem
736 646 947 687 promovendi
978 649 1104 687 spectat
1134 646 1265 683 electio,
1299 650 1422 677 certum
1451 647 1490 677 dc
1516 658 1597 677 novo
1623 647 1707 677 diem
1733 651 1765 677 et

121 700 225 730 locum
252 699 411 740 prefigere
442 709 479 729 ac
509 698 676 738 assignare
706 698 848 734 curavit,
880 708 942 738 quo
969 698 1182 738 personaliter
1206 698 1408 728 conveniatis
1437 699 1467 728 in
1492 709 1589 729 unum
1615 699 1653 729 de
1679 699 1764 728 elec-

120 751 205 782 tione
228 761 265 781 ac
290 751 451 781 creatione
476 749 575 780 futuri
600 749 685 789 regis
711 749 889 779 adinvicem
916 749 1101 783 tractaturi,
1131 752 1162 779 et
1186 749 1325 789 qualiter
1352 750 1448 779 etiam
1480 750 1510 779 in
1535 750 1596 780 illis
1621 750 1765 791 partibus

120 802 261 843 vulgaris
285 812 391 832 rumor
415 801 573 839 insonuit,
603 801 687 842 quod
720 800 945 831 nonnullorum
975 811 1015 830 ex
1040 800 1191 842 predictis
1217 801 1415 841 principibus
1440 801 1479 831 ad
1505 801 1564 831 hoc
1589 801 1692 831 tendit
1716 802 1763 831 in-

120 854 232 892 tentio,
257 857 291 884 ut
316 853 467 883 videlicet
484 852 647 883 Corradus
672 853 772 893 111101·ι
802 856 895 882 natus
920 852 1078 892 quondam
1103 851 1235 882 Corradi
1260 852 1314 882 filii
1339 852 1498 892 quondam
1524 852 1574 882 Fr.
1600 853 1674 882 olim
1700 852 1765 882 Ro-

122 916 286 936 manorum
312 905 514 946 imperatoris
539 904 578 934 ad
605 904 743 934 Romani
769 904 896 933 eulmen
922 903 1043 944 imperii
1069 903 1270 935 sublimetur.
1317 903 1384 933 Nos
1408 907 1526 939 autem,
1558 904 1765 934 attendentes

121 957 205 999 quod
235 957 275 987 ad
307 956 517 987 intimandum
551 955 643 986 nobis
675 956 751 986 talia
781 966 821 986 ex
851 955 951 985 multa
980 955 1096 991 cordis,
1132 965 1227 996 quam
1258 954 1297 985 ad
1327 966 1384 985 nos
1415 959 1447 985 et
1472 955 1650 996 predictam
1681 956 1765 996 geris

122 1009 309 1041 ecclesiam,
345 1008 486 1049 puritate
518 1018 554 1037 ac
587 1007 773 1037 sinceritate
809 1006 907 1037 animi
942 1007 1142 1047 processisti,
1177 1010 1264 1036 tuam
1298 1010 1430 1047 propter
1466 1007 1526 1037 hoc
1562 1006 1765 1037 devotionem

122 1060 354 1101 multiplicibus
378 1060 556 1100 gratiarum
583 1058 764 1089 actionibus
790 1058 1048 1099 prosequemlam
1076 1057 1283 1099 {duxinmsyz
1313 1069 1451 1099 superno
1476 1058 1558 1098 regi,
1590 1069 1647 1099 per
1671 1068 1766 1099 quem

121 1111 212 1151 regni
230 1111 275 1141 tui
293 1111 471 1141 moderaris
488 1111 642 1147 habenas,
669 1110 781 1140 laudes
799 1109 924 1140 debitas
948 1110 1150 1145 exolventes,
1177 1109 1261 1150 quod
1280 1114 1344 1139 tam
1364 1121 1483 1147 carum,
1510 1114 1573 1140 tam
1592 1110 1745 1150 placitum
1754 1109 1766 1126 ¹³

123 1167 252 1204 tamque
277 1163 430 1193 devotum
456 1162 613 1193 habemus
639 1162 668 1192 111
695 1166 726 1192 10
757 1162 871 1195 111111111,
903 1161 1064 1202 111-1111111110
1094 1161 1222 1202 (1111110111
1253 1172 1289 1191 110
1319 1161 1462 1191 bonitate
1495 1160 1708 1202 prefulgidum
1736 1164 1768 1191 ct

122 1215 294 1245 multarum
328 1214 480 1244 virtutum
516 1214 621 1254 gratia
657 1214 908 1254 prepollentem:
946 1216 1077 1254 propter
1113 1213 1198 1253 quod
1233 1212 1273 1243 1111
1308 1223 1478 1253 personam
1516 1216 1601 1243 tuam
1638 1213 1768 1253 copiosa

123 1266 238 1297 mentis
263 1266 435 1296 affectione
461 1265 639 1306 dirigimur,
664 1265 845 1305 cogitantes
871 1276 1000 1305 semper
1025 1268 1057 1294 et
1081 1265 1164 1294 infra
1188 1264 1291 1294 cordis
1317 1264 1429 1294 intima
1454 1265 1667 1298 revolventes,
1693 1264 1767 1305 quid

122 1318 240 1358 gratie,
276 1317 351 1358 quid
380 1317 499 1347 favoris
532 1317 595 1347 tilio
630 1316 791 1357 possimus
821 1316 1007 1357 impendere
1034 1320 1098 1346 111111
1123 1316 1269 1349 excelso,
1306 1320 1337 1345 et
1371 1316 1487 1356 quibus
1519 1316 1768 1346 110111»111100111115ι

124 1380 215 1399 suum
241 1369 395 1410 insignire
420 1372 537 1399 statum
562 1369 765 1408 magnificum
793 1368 968 1398 valeamus.

226 1420 346 1451 Verum
358 1420 379 1457 ²,
405 1421 479 1461 quia
503 1420 666 1461 predictus
692 1420 743 1451 Fr.
769 1420 904 1460 eiusque
931 1420 1153 1460 progenitores
1186 1422 1218 1449 et
1248 1419 1382 1460 posteri,
1419 1419 1553 1449 aliorum
1579 1422 1765 1460 persecuto-

123 1483 190 1502 rum
223 1471 419 1503 excedentes
454 1471 705 1513 tyrampnidem,
749 1471 952 1511 gravioribus
988 1470 1124 1501 eandem
1161 1470 1329 1501 ecclesiam
1365 1470 1545 1500 affecerunt
1580 1470 1701 1500 iniuriis
1738 1473 1769 1499 et

123 1523 387 1565 oppressionibus
412 1523 594 1554 durioribus
620 1523 816 1559 afflixerunt,
841 1526 872 1552 et
891 1522 978 1552 velut
1004 1522 1033 1552 in
1059 1522 1169 1552 cedem
1195 1526 1226 1552 et
1251 1522 1478 1552 exterminium
1505 1522 1574 1551 eius
1600 1521 1768 1551 tendentes

124 1575 239 1605 furoris
264 1586 373 1605 arcum
399 1578 430 1605 et
454 1575 591 1605 feritatis
618 1574 761 1615 gladium
787 1578 952 1607 acuentes,
977 1573 1052 1603 diris
1078 1574 1165 1603 illam
1190 1573 1327 1603 ubilibet
1351 1573 1549 1603 tribulavero
1574 1573 1711 1613 flagellis
1737 1576 1769 1602 ct

124 1638 224 1667 usque
259 1627 297 1657 ad
328 1627 479 1657 interiora
511 1626 677 1668 profundis
710 1626 805 1655 illatis
836 1625 1022 1655 vulneribus
1059 1626 1256 1655 sauciaruntz
1294 1635 1364 1660 nos,
1404 1624 1648 1655 considerantes
1684 1623 1767 1664 quod

122 1679 152 1709 in
177 1679 237 1708 1100
261 1689 359 1719 pravo
383 1689 514 1719 genere,
540 1684 664 1719 patrum
692 1678 720 1707 in
747 1678 827 1707 tilios
851 1687 922 1706 cum
948 1677 1105 1715 sanguine
1130 1676 1277 1707 derivata
1301 1676 1433 1712 malitia,
1458 1676 1541 1706 sicut
1565 1676 1670 1705 carnis
1695 1686 1767 1716 pro-

123 1730 312 1771 pagatione.
342 1730 387 1760 sie
412 1730 591 1760 imitatione
618 1739 751 1770 operum
777 1729 843 1758 111111
868 1728 1070 1767 genitoribus
1102 1731 1343 1761 successerunt,
1374 1738 1411 1757 ac
1438 1728 1582 1758 volentes
1606 1727 1768 1768 periculis,

124 1792 184 1822 quc
210 1781 353 1822 predicte
383 1782 591 1812 imminerent
622 1780 775 1811 ecclesie,
807 1781 832 1810 si
865 1780 968 1810 dictus
995 1779 1157 1809 (Inna-udus
1188 1789 1268 1820 puer
1296 1782 1530 1811 assumeretur,
1563 1779 1646 1819 quod
1676 1779 1769 1809 absit.

125 1833 163 1862 ad
196 1833 316 1873 regiam
346 1834 396 1863 vel
431 1833 672 1874 imperatoriam
707 1831 914 1872 dignitatem,
949 1831 1127 1872 apostolica
1161 1830 1330 1871 diligentia
1365 1841 1553 1871 precavere,
1590 1829 1768 1870 predictum

125 1884 405 1926 archiepiscopum
432 1889 463 1915 et
488 1885 567 1914 alios
593 1883 835 1914 ecclesiasticos
854 1883 1023 1924 principes,
1050 1882 1248 1913 coelectores
1274 1882 1385 1923 ipsius,
1409 1881 1512 1911 felicis
1538 1881 1769 1912 recordationis

127 1936 305 1967 Alexandri
348 1947 431 1977 pape
473 1936 713 1977 predecessoris
754 1935 854 1965 nostri
901 1945 998 1975 super
1042 1934 1101 1964 1100
1149 1933 1327 1964 inherendo
1368 1933 1544 1973 vestigiis²³,
1583 1931 1770 1962 monendos.

126 1987 283 2028 rogandos
317 1991 440 2017 attente
470 1987 620 2017 duximus
649 1990 680 2017 et
709 1986 900 2017 hortandos.
931 1986 1048 2015 nostris
1080 1986 1126 2015 eis
1158 1985 1188 2015 in
1214 1985 1332 2015 virtute
1363 1984 1547 2014 obedientie
1577 1984 1635 2014 sub
1660 1983 1769 2014 debito

124 2039 302 2072 fidelitatis,
334 2049 395 2080 quo
421 2039 512 2069 nobis
542 2042 574 2069 et
603 2038 740 2069 ecclesie
772 2037 914 2079 predicte
944 2040 1111 2070 tenentur,
1145 2047 1181 2066 ac
1213 2036 1272 2067 sub
1303 2046 1386 2077 pena
1416 2035 1769 2067 excommunicationis,

125 2101 218 2132 quam
245 2092 385 2121 cxtunc4
410 2091 440 2120 in
467 2101 522 2120 eos
546 2090 754 2131 protulimus.
780 2089 924 2119 districte
949 2088 1062 2118 dantes
1088 2088 1203 2118 litteris
1228 2088 1258 2117 in
1282 2087 1461 2128 preceptis,
1493 2092 1527 2116 ut
1556 2089 1768 2116 memoratum

127 2142 161 2173 C.
187 2153 321 2183 puerum
345 2142 433 2172 nullo
457 2152 608 2182 umquam
634 2145 779 2182 tempore
807 2141 837 2171 in
863 2150 973 2181 regem
999 2140 1122 2180 eligant
1153 2150 1212 2170 nec
1237 2139 1402 2169 nominent
1432 2149 1536 2179 11011110
1568 2138 1771 2168 consentiant

127 2194 157 2224 in
181 2193 336 2231 eundem,
366 2194 411 2224 ita
437 2193 521 2234 quod
546 2193 816 2224 excommunicati
842 2192 997 2227 existant,
1024 2192 1049 2221 si
1074 2194 1185 2221 contra
1208 2190 1394 2221 mandatum
1420 2193 1562 2220 nostrum
1587 2191 1694 2220 facere
1720 2189 1770 2219 vel

127 2245 237 2276 venire
266 2245 520 2286 presumpserint
545 2248 577 2275 et
606 2244 744 2275 eundem
775 2243 951 2274 Corradum
983 2242 1221 2273 nominaverint
1251 2242 1301 2272 vel
1331 2242 1489 2281 elegerint
1522 2244 1576 2271 aut
1606 2241 1637 2270 in
1667 2241 1769 2281 ipsum

128 2296 352 2327 consenserint
374 2307 431 2327 seu
456 2306 549 2338 opem
574 2296 624 2327 vel
649 2306 796 2336 operam,
827 2295 1009 2328 consilinm,
1040 2294 1194 2324 auxilium
1221 2293 1272 2324 vel
1296 2293 1453 2327 favorem,
1478 2296 1512 2322 ut
1536 2292 1685 2332 eligatur,
1710 2292 1768 2321 im-

129 2347 313 2388 penderint*
338 2351 370 2378 et
395 2347 505 2386 etiam,
536 2348 562 2378 si
587 2347 655 2377 eius
679 2347 932 2377 nominationem
958 2350 990 2376 et
1015 2346 1207 2376 electionem
1233 2355 1295 2375 non
1320 2343 1549 2385 impedivcrint
1573 2346 1638 2373 toto
1664 2354 1769 2384 posse..

127 2402 171 2436 ut,
197 2400 223 2430 si
248 2400 328 2430 forte
353 2399 391 2429 ad
417 2399 517 2441 ipsius
549 2399 742 2430 electionem
772 2398 823 2429 vel
854 2398 1108 2428 nominationem
1138 2397 1245 2437 aliquo
1275 2400 1420 2436 tempore
1448 2395 1680 2436 processerint,
1714 2405 1769 2425 110-

128 2454 219 2482 scant
253 2462 286 2482 se
323 2451 410 2492 prins
446 2450 780 2481 excommunicatione
816 2450 942 2490 ligatos.
990 2449 1071 2479 Aliis
1099 2459 1175 2479 vero
1207 2446 1441 2479 coelectoribus
1477 2446 1543 2476 suis
1579 2446 1770 2476 auctoritate

230 2597 254 2630 ³)
273 2598 394 2623 duximus
412 2598 479 2623 deest
492 2598 522 2622 R.
612 2597 635 2628 b)
655 2597 782 2629 placidum
796 2596 827 2620 B.

234 2683 258 2714 1)
278 2681 408 2707 Am'mlas
429 2681 583 2706 Gonrmlino
606 2681 712 2706 titulum
735 2680 899 2713 adscriptmn
925 2688 978 2705 non
1000 2688 1066 2705 esse:
1091 2680 1125 2710 cf.
1144 2679 1192 2704 snb
1211 2688 1235 2704 11,
1256 2682 1331 2709 1264,
1351 2678 1420 2710 Any.
1441 2682 1476 2703 13.
1564 2680 1592 2707 2>
1613 2677 1652 2708 (Υ.
1671 2686 1696 2708 [ι.
1714 2680 1771 2707 55:5⁸,

129 2725 174 2750 lin.
188 2728 226 2751 37.
313 2726 339 2756 3)
361 2725 399 2756 Cf.
415 2724 516 2750 ibidemv.
603 2724 628 2753 4)
651 2723 711 2749 Seii,
728 2731 777 2756 lter
796 2733 835 2757 est,
849 2732 875 2749 u.
889 2727 941 2749 52].
